3700 5700
1885 758 1979 797 ..ι
2003 728 2083 789 28
2121 751 2214 773 ...-

958 820 1083 952 plo
1116 864 1255 929 tuae
1286 857 1646 953 probitatis
1674 860 1959 932 animati
2007 860 2105 954 in,
2130 859 2328 933 bellis
2364 861 2865 932 Saracenorum
2924 882 3104 933 mor-

971 977 1069 1049 tui
1096 987 1165 1049 et
1192 978 1509 1049 morituri
1537 989 1697 1051 sunt
1723 979 2127 1053 delictorum
2158 1002 2437 1053 suorum
2463 979 2772 1052 omnium
2796 980 3101 1069 veniam,

969 1112 1037 1175 et
1072 1103 1202 1175 illis
1232 1104 1351 1197 qui
1390 1125 1705 1177 nummos
1754 1106 1847 1178 ad
1895 1106 2378 1179 aedificandam
2421 1106 2796 1178 Ecclesiam
2830 1105 2999 1180 dant
3040 1116 3108 1177 et

968 1228 1195 1301 daturi
1249 1240 1409 1301 sunt
1456 1230 1792 1322 gravioris
1842 1233 1949 1303 sui
2006 1232 2312 1303 vulneris
2369 1231 2824 1304 medicamina
2869 1254 2912 1303 a
2961 1231 3106 1302 Deo

968 1354 1355 1449 impetravi.
1399 1355 1522 1426 His
1570 1376 1611 1427 a
1658 1377 1821 1447 rege
1865 1355 2116 1447 relatiS,
2171 1355 2396 1451 populi
2436 1378 2757 1429 nummos
2785 1357 3108 1429 'saluber-

833 1565 839 1571 ,
904 1551 909 1557 .
971 1479 1165 1552 rimae
1204 1479 1675 1575 permissionis
1710 1480 2156 1555 devotissime
2187 1481 2597 1569 offerebant,
2629 1492 2696 1553 et
2733 1482 2853 1575 qui
2889 1481 3107 1555 liben-

973 1605 1107 1678 tius
1142 1604 1477 1679 reddebat
1511 1611 1849 1693 Francus,
1887 1607 2128 1677 sancti
2165 1607 2496 1699 Dionysii
2526 1606 2785 1701 ubique
2812 1606 3110 1680 vocaba-

973 1739 1109 1818 tur,
1148 1730 1431 1824 quando
1468 1731 1637 1804 liber
1683 1733 1772 1803 ab
1823 1733 2012 1805 omni
2050 1732 2402 1820 servitute,
2437 1754 2597 1825 rege
2638 1733 3104 1829 praecipiente,

844 1950 849 1955 ·
974 1866 1154 1946 erat;
1199 1855 1361 1927 hinc
1400 1877 1551 1935 mos
1594 1858 1919 1948 surrexit,
1951 1867 2025 1928 ut
2067 1867 2248 1930 terra
2282 1856 2423 1946 illa,
2462 1879 2624 1949 quae
2667 1866 2872 1928 antea
2909 1878 3113 1930 voca-

972 1981 1175 2052 batur
1216 1978 1479 2065 Gallia,
1536 1990 1698 2052 tunc
1746 1982 2068 2051 Francia
2111 1990 2476 2091 vocaretur
2500 2038 2519 2071 ,
2555 1982 2629 2054 id
2655 1991 2757 2055 est
2793 1982 2881 2054 ab
2919 1983 3110 2054 omni

973 2106 1306 2179 servitute
1354 2105 1639 2177 aliarum
1667 2106 1977 2213 gentium
2036 2106 2291 2196 libera;
2336 2116 2754 2202 quapropter
2791 2110 3116 2179 Francus
3163 2178 3166 2185 ,

973 2230 1147 2304 liber
1187 2230 1459 2319 dicitur,
1504 2231 1666 2324 quia
1710 2252 1918 2326 super
1973 2252 2214 2303 omnes
2240 2240 2482 2322 gentes
2529 2231 2698 2317 alias
2737 2231 3114 2303 dominatio

976 2366 1044 2429 et
1104 2353 1315 2427 decus
1368 2355 1465 2425 illi
1534 2355 1934 2427 debetur.'»
1963 2354 2454 2427 Monachorum
2517 2356 2735 2427 sancti
2802 2356 3113 2453 Dionysii

976 2501 1257 2552 manum
1289 2479 1401 2551 hic
1426 2472 1909 2572 agnoscimus,
1955 2478 2258 2574 ideoque
2301 2478 2528 2550 codex
2560 2477 2620 2548 A
2657 2476 2754 2571 (et
2805 2499 2960 2549 cum
2993 2479 3116 2551 illo

977 2605 1053 2697 S)
1104 2604 1427 2677 omnibus
1463 2602 2024 2697 anteponendUS,
2082 2602 2202 2697 qui
2263 2610 2565 2703 ceterum
2619 2602 3118 2675 vetustissimus

979 2737 1104 2799 est.
1146 2726 1298 2798 Alia
1336 2729 1544 2800 etiam
1574 2728 1813 2800 ceteris
1859 2727 2139 2799 meliora
2175 2727 2416 2817 habet,
2457 2726 2623 2798 utin
2652 2725 2955 2822 capitulo
2990 2751 3109 2819 xu,

975 2852 1158 2946 quod
1220 2853 1499 2925 nomina
1553 2854 2010 2948 pugnatorum
2055 2850 2386 2942 continet,
2443 2850 2792 2948 nonnullis
2847 2852 3118 2926 insulsis

976 2977 1329 3050 sententiis
1358 2977 1645 3069 indiget,
1678 2999 1855 3071 quas
1903 2976 2123 3048 textui
2181 2976 2535 3048 inseruere
2583 2969 2833 3049 'scribae
2887 2987 3116 3074 poste-

979 3102 1229 3195 riores3
1273 3103 1397 3189 sic,
1450 3111 1811 3198 postquam
1848 3100 2231 3174 Rolandum
2288 3101 2751 3190 nominarunt,
2803 3101 3110 3208 addunt:

867 3324 874 3334 Ι
977 3255 1012 3292 α
1037 3226 1231 3298 Alius
1251 3237 1475 3299 tamen
1499 3227 1846 3322 Rolandus
1869 3226 2016 3313 fuit,
2037 3225 2126 3298 de
2153 3247 2296 3320 quo
2323 3225 2523 3299 nobis
2549 3226 2893 3298 silendum
2922 3239 3058 3319 est3
3084 3257 3116 3294 υ
3207 3233 3213 3239 ’

974 3352 1284 3424 similiter
1317 3363 1473 3448 post
1508 3356 2012 3444 Arastagnum:
2046 3380 2080 3418 «
2105 3351 2298 3422 Alius
2329 3361 2633 3448 tempore
2664 3353 2858 3446 istius
2889 3342 3019 3426 rex
3043 3354 3116 3425 in

975 3476 1328 3548 Britannia
1366 3487 1536 3563 erat,
1562 3478 1649 3549 de
1682 3499 1822 3570 quo
1859 3477 2114 3548 mentio
2140 3499 2326 3549 nuno
2347 3478 2741 3574 adplenum
2767 3500 2908 3551 non
2934 3479 3049 3569 fit;
3075 3509 3111 3546 n

979 3611 1132 3696 post
1172 3603 1585 3693 Engelerum
1622 3628 1641 3671 ε
1692 3629 1727 3666 α
1767 3604 2104 3697 Tempore
2146 3601 2341 3673 istius
2381 3603 2702 3696 Engeleri
2753 3614 2900 3676 erat
2942 3605 3116 3677 alius

978 3748 1207 3800 comes
1261 3730 1331 3797 in
1381 3725 1789 3820 Aquitania,
1853 3728 2108 3801 scilicet
2165 3727 2235 3799 in
2297 3729 2472 3800 urbe
2519 3729 2977 3820 Pietavorum,
3030 3730 3117 3803 de

978 3873 1118 3946 quo
1148 3872 1291 3923 non
1326 3862 1429 3924 est
1454 3851 1665 3924 modo
1689 3851 2084 3942 dicendum,
2124 3881 2158 3918 n
2179 3863 2247 3924 et
2281 3853 2412 3924 alia
2450 3852 2720 3939 similia,
2757 3876 2915 3949 quae
2949 3854 3016 3924 in
3058 3854 3118 3925 A
3155 3839 3162 3848 ’

979 3975 1252 4048 desunt.
1310 3976 1514 4060 Quod
1561 3985 1791 4047 tamen
1836 3977 1910 4046 in
1963 3975 2028 4047 A
2085 3976 2461 4071 capitulum
2523 4000 2632 4046 xxr
2699 3977 3120 4050 desideretur

980 4101 1327 4195 scriptoris
1363 4100 1588 4194 potius
1648 4101 1847 4195 eulpa
1886 4122 1969 4172 ac
2000 4100 2254 4174 codicis
2291 4101 2608 4173 meritum
2637 4123 2788 4175 esse
2829 4104 3117 4176 videtur.

956 4214 963 4220 ’
1077 4226 1273 4298 Hunc
1299 4247 1465 4318 ergo
1496 4235 1761 4298 textum
1779 4227 1899 4318 qui
1924 4227 1998 4296 in
2027 4225 2090 4298 A
2130 4226 2336 4299 datur
2376 4227 2840 4333 inspiciamus.
2875 4226 3123 4302 Aucto-

981 4371 1125 4422 rem
1163 4349 1426 4424 Gallum
1454 4352 1661 4424 fuisse
1687 4360 1756 4424 et
1779 4352 2104 4424 clericum
2129 4353 2363 4444 negari
2394 4373 2533 4424 non
2561 4363 2809 4449 potest.
2831 4354 3120 4440 Quando

984 4486 1053 4548 et
1089 4476 1204 4547 ubi
1250 4477 1590 4571 scripserit
1624 4467 2200 4569 investigandum.
