3700 5700
1870 751 1949 764 -..
1992 721 2069 780 14
2108 750 2189 764 .-

1054 847 1568 919 Vetustissimus
1607 849 1831 921 codex
1898 849 1985 937 A,
2040 847 2589 942 quem'omnino
2648 850 2957 943 sequitur
3006 851 3097 939 S;

956 965 1160 1036 ceteri
1180 1018 1198 1054 ,
1243 976 1492 1059 praeter
1526 968 1581 1039 Ο
1619 976 1688 1040 et
1729 970 1802 1060 P,
1844 992 2000 1042 cum
2028 967 2458 1053 ,editionibus
2492 969 2903 1061 generaliter
2932 989 3099 1041 con·
3208 1041 3213 1044 .

956 1089 1269 1161 veniunt.

1054 1213 1179 1295 His
1230 1215 1610 1310 praemissis
1655 1238 1831 1312 opus
1880 1220 2138 1315 ipsum,
2204 1221 2673 1317 Ciampianam
2738 1226 3103 1314 sequentes

962 1337 1361 1428 editionem,
1393 1341 1905 1434 aggrediamur.

1982 1690 2096 1759 111.

1479 1975 1855 2046 copim·
1888 1977 2257 2047 quinquo
2290 1977 2600 2050 priora·

1062 2209 1209 2280 Iam
1251 2207 1401 2280 dixi
1433 2207 2121 2302 Pseudo-Turpinum
2163 2207 2364 2279 unius
2381 2207 2681 2279 hominis
2711 2209 2817 2281 vel
2842 2220 3110 2302 tempo·
3169 2275 3177 2281 .

969 2334 1060 2404 ris
1095 2355 1272 2428 opus
1314 2353 1450 2404 non
1513 2355 1680 2405 esse.
1737 2335 1881 2404 Hoc
1918 2355 2101 2404 nunc
2138 2332 2785 2419 demonstrandum,
2816 2345 2883 2405 et
2916 2355 3112 2428 quae-

971 2458 1263 2530 rendum
1301 2479 1386 2529 an
1431 2458 1987 2551 uniuscujusque·
2011 2458 2226 2552 partis
2262 2471 2617 2530 auctorem
2658 2460 2761 2531 vel
2801 2471 3112 2530 auctores

925 2613 932 2620 ⁸
969 2581 1248 2654 assiduo
1291 2581 1516 2654 studio
1551 2582 1794 2655 elicere
1834 2583 2213 2654 valeamus.
2342 2599 2353 2614 ·

1063 2707 1336 2798 Prologi
1375 2708 1601 2778 locum
1627 2707 1892 2782 obtinet
1923 2709 1995 2778 in
2044 2707 2457 2780 editionibus
2502 2708 2788 2802 epistola
2832 2707 3112 2801 Turpini

855 2926 860 2931 ἡ
967 2831 1056 2903 ad
1095 2831 1569 2905 Leobrandum
1595 2887 1615 2922 ,
1665 2832 2005 2907 decanum
2060 2832 2717 2927 Aquisgranensem.
2756 2835 2961 2905 Deest
3001 2831 3113 2905 hic

973 2958 1323 3052 prologus»,
1369 2968 1444 3029 ut
1481 2958 1665 3047 dixi,
1695 2960 1762 3030 in
1791 2959 2031 3031 codice
2054 2958 2451 3054 Ciampiano
2480 2968 2549 3030 et
2576 2957 2886 3053 pluribus
2928 2958 3105 3040 aliis,

971 3082 1322 3155 diversum
1347 3084 1629 3154 omnino
1659 3086 1859 3155 affert
1884 3076 1964 3155 O.
1997 3083 2445 3156 Posteriorem
2482 3083 2672 3154 illum
2695 3104 2968 3169 cense0,
2992 3084 3111 3176 qui
3206 3152 3210 3157 .

971 3206 1196 3278 editus
1219 3216 1344 3293 est,
1381 3208 1691 3300 quinque
1725 3207 2177 3301 sequentibus
2198 3208 2514 3301 capitulis
2543 3230 2561 3277 z
2587 3216 2656 3279 et
2686 3206 2792 3277 his
2812 3210 3117 3301 quinque

973 3343 1236 3404 tantum
1299 3332 1614 3425 capitulis
1661 3332 1913 3404 librum
1954 3333 2301 3424 quondam
2348 3319 2781 3424 constitisse,
2809 3334 2921 3403 vel
2969 3331 3116 3404 sine

974 3458 1291 3552 prologo,
1337 3459 1448 3529 vel
1493 3479 1648 3529 cum
1689 3457 2089 3553 deperdit0‚
2154 3458 2258 3529 vel
2288 3480 2442 3529 cum
2478 3459 2595 3530 illo
2631 3458 2747 3551 qui
2785 3458 2855 3529 in
2903 3459 2958 3530 Ο
3004 3458 3113 3529 in-

971 3585 1270 3657 venitur.

1069 3710 1189 3781 Illa
1231 3708 1414 3781 enim
1460 3709 1767 3803 quinque
1810 3708 2042 3803 priora
2082 3709 2377 3803 capitula
2422 3720 2741 3781 accurate
2791 3709 3038 3801 legenti
3072 3732 3110 3781 a

976 3835 1424 3929 sequentibus
1461 3834 1752 3920 multum
1789 3834 2010 3906 aliena
2040 3843 2401 3930 apparent.
2436 3836 2791 3930 Nusquam
2831 3848 3117 3907 conatur

978 3960 1265 4055 scriptor
1302 3958 1671 4031 lectoribus
1725 3960 2136 4054 persuadere
2186 3981 2261 4031 se
2309 3960 2690 4053 Turpinum
2732 3980 2915 4046 esse;
2946 3961 3118 4032 Tur-

976 4087 1214 4183 pinum
1249 4087 1476 4181 ipsum
1533 4085 1741 4157 semel
1792 4085 2213 4157 transeundo
2262 4085 2617 4175 nominat,
2683 4107 2811 4157 nec
2873 4096 3121 4180 praeter

974 4213 1162 4283 illum
1205 4221 1275 4283 et
1317 4211 1634 4283 Carolum
1655 4208 1873 4280 ullum
1908 4210 2139 4295 alium,
2178 4233 2392 4303 quum
2421 4210 2801 4304 posteriora
2820 4211 3116 4305 capitula

975 4338 1474 4409 Saracenorum
1525 4343 1592 4405 et
1643 4334 1990 4406 Gallorum
2044 4334 2351 4406 virorum
2434 4335 2715 4407 nomina
2782 4337 3111 4430 permulta

969 4462 1304 4555 jactitent.
1329 4460 1508 4531 Nihil
1545 4459 1660 4531 hic
1687 4459 1778 4532 ad
1799 4460 2064 4554 poesim
2096 4461 2357 4553 epicam
2384 4461 2797 4532 Francorum
2824 4468 3107 4555 spectat,
