3700 5700
1431 736 1509 751 ...
1547 704 1626 766 43
1663 733 1746 752 .-

525 827 742 922 pitulo
770 831 1033 924 xxxl;
1077 835 1238 908 inde
1280 837 1514 910 evenit
1543 848 1622 910 ut
1667 838 1818 909 haeo
1857 835 2109 908 familia
2140 833 2458 907 codicum
2494 841 2657 924 q'uae

527 955 777 1062 librum
821 958 1142 1032 Aimerici
1196 962 1471 1036 Picaudi
1503 975 1581 1037 ut
1611 973 1956 1036 auctorem
1995 961 2330 1054 agnoscit,
2370 957 2661 1030 Sandio·

525 1081 826 1176 nysiacis
851 1085 1496 1181 interpolationibus
1529 1098 1758 1161 tamen
1797 1088 2061 1160 laboret
2094 1111 2113 1155 ε
2144 1086 2262 1158 sed
2291 1093 2479 1157 ratus
2506 1104 2661 1154 sum

525 1225 642 1276 eas
680 1204 753 1276 in
797 1208 1156 1280 codicibus
1214 1211 1456 1284 deesse
1511 1212 1632 1306 qui
1685 1210 2355 1305 Compostellensem,
2397 1206 2659 1279 donum

523 1327 846 1404 Aimerici
874 1333 1179 1425 Picaudi,
1214 1337 1467 1410 directe
1491 1337 2039 1432 exscripsissent,
2084 1346 2158 1406 ut
2193 1335 2265 1404 in
2308 1333 2423 1404 illo
2473 1331 2660 1403 Rivi-

527 1454 842 1548 pullensi,
867 1478 1052 1531 anno
1076 1460 1461 1533 MCLXXlII
1489 1470 1810 1550 exarat03
1843 1481 2049 1553 quem
2076 1458 2133 1529 si
2158 1456 2312 1549 quis
2334 1432 2658 1549 inspexe-

526 1576 640 1666 rit,
671 1580 1003 1670 majorem
1040 1583 1264 1656 lucem
1295 1585 1368 1656 in
1403 1584 1530 1658 has
1568 1569 1885 1662 tenebras
1922 1584 2259 1679 projicere
2305 1579 2578 1676 poterit.

621 1698 804 1778 Ante
829 1725 1088 1782 annum
1124 1708 1608 1784 MCLXXXVII
1646 1711 1989 1784 scribebat
2016 1709 2408 1796 Guibertus,
2446 1704 2663 1780 abbas

526 1823 1058 1917 Gemblaeensis‚
1101 1849 1178 1906 se
1217 1831 1289 1904 in
1318 1833 1618 1906 Mat-tini
1659 1833 2087 1906 monasterio
2114 1829 2461 1904 miracula
2490 1853 2662 1900 san-

529 1949 626 2023 cei
655 1949 907 2026 Jacohe·
949 1967 1019 2026 et
1053 1956 1331 2051 Turpini
1383 1959 1636 2035 librum
1678 1959 2012 2054 reperisse
2036 1956 2169 2054 (1).
2204 1957 2357 2032 Jam
2394 1954 2664 2028 codices

527 2070 724 2144 istius
756 2076 968 2149 ferme
1000 2083 1330 2176 temporis
1355 2082 1692 2156 habemus
1725 2109 1742 2154 ε
1785 2093 2085 2158 exeunte
2112 2080 2367 2156 saeculo
2396 2078 2661 2152 duodo,

529 2197 709 2272 cimo
766 2202 1090 2276 omnibus
1149 2216 1357 2278 notus
1411 2219 1516 2282 est
1571 2210 2237 2303 Pseudo-Turpinus.
2284 2205 2665 2280 Monachus

529 2327 1120 2424 Sancti-Dionysii,
1169 2318 1315 2426 qui⁸
1349 2355 1533 2412 anuo
1594 2335 1829 2407 Mccv
1866 2334 2103 2406 Gallim
2156 2330 2511 2416 historiam
2570 2347 2665 2400 ex

506 2448 834 2526 'fontibus
877 2455 1174 2529 scribere
1227 2459 1603 2545 inchoavit,
1634 2459 2011 2554 Turpinum
2044 2459 2222 2532 iuter
2256 2457 2440 2552 ipsas
2482 2476 2663 2526 enu-

532 2578 845 2666 meravit,
891 2601 1188 2675 eumque
1222 2584 1292 2654 in
1332 2594 1666 2658 contextu
1713 2585 1919 2656 etiam
1956 2582 2324 2676 exscripsit
2356 2583 2493 2677 (2).
2548 2577 2661 2646 Al-

528 2700 802 2774 bericus
843 2724 1124 2798 quoque
1173 2706 1404 2778 Trium
1457 2708 1774 2780 Fontium
1823 2709 2004 2780 circa
2067 2728 2326 2779 annum
2372 2703 2663 2776 MCCXL

529 2823 835 2899 historiae
873 2849 1019 2901 suae
1046 2830 1418 2925 Turpinum
1460 2831 1771 2919 inseruit,
1811 2843 1880 2905 et
1918 2831 2065 2927 ipse
2102 2852 2237 2903 non
2279 2829 2515 2924 paucis
2555 2827 2661 2900 in-

529 2952 891 3045 terpolavit
934 2956 1206 3046 fabuliS‚
1245 2978 1289 3029 a
1323 2957 1680 3037 cantilenis
1714 2966 2063 3050 gestorum
2092 2953 2453 3047 decerptis.
2488 2954 2663 3027 Tum

525 3081 927 3155 Vincentius
982 3084 1484 3161 Bellovacensis
1537 3089 1722 3161 idem
1785 3088 1967 3177 iecit,
2029 3097 2297 3160 textum
2354 3085 2663 3159 Pseudo-

525 3206 806 3301 Turpini
842 3212 1125 3302 paulum
1167 3222 1560 3302 coarctans;
1589 3214 1787 3301 ‘idem
1837 3224 1909 3285 et
1942 3234 2153 3309 prope
2176 3232 2417 3290 omnes
2443 3210 2665 3283 histo-

527 3329 872 3426 riographi
931 3335 1142 3408 medii
1201 3338 1366 3427 aevi,
1429 3340 1804 3432 Tui-pinum
1852 3351 1973 3412 aut
2022 3338 2493 3411 exscribentes
2543 3345 2665 3409 aut

526 3453 1000 3548 epitomantes.
1039 3460 1138 3531 De
1161 3460 1461 3535 historiis
1489 3463 1730 3555 gallice
1753 3463 2023 3558 scriptis
2057 3462 2364 3539 inferius.

595 3742 670 3810 (1)
706 3742 968 3798 Histoire
991 3741 1296 3802 litterati-e
1330 3744 1404 3801 de
1431 3744 1497 3802 la
1525 3732 1780 3814 Franco,
1801 3746 1882 3807 X,
1903 3748 2028 3802 538.

595 3829 796 3973 (Ram
818 3830 1044 3905 wamy,
1082 3832 1255 3895 Mem.
1285 3832 1362 3895 de
1393 3832 1622 3896 l’Aoad.
1647 3834 1746 3893 dea
1771 3838 1991 3903 lusor„
2021 3834 2209 3903 xva,
2235 3834 2371 3895 Pm
2398 3831 2661 3902 uenum,

526 3930 581 3988 p.
732 3958 746 3973 .
