3700 5700
1940 674 2328 768 .-8....¹

999 842 1272 913 litterati
1313 841 1444 912 sibi
1477 841 1768 914 invicem
1799 842 2007 916 fidem
2046 845 2332 934 addant,
2372 856 2439 917 et
2482 846 2641 918 ideo
2690 865 2897 938 quam
2945 844 3139 915 facile

999 968 1394 1060 exemplum
1433 968 1641 1039 unius
1704 969 1901 1041 multi
1964 981 2326 1066 sequentes
2386 992 2689 1044 errorem
2758 991 2943 1064 saepe
2998 990 3139 1040 non

993 1092 1216 1164 levem
1256 1069 1386 1164 sibi
1437 1120 1475 1160 «
1520 1094 1719 1188 quasi
1760 1116 2079 1169 cursores
2128 1125 2163 1163 n
2212 1097 2507 1168 tradant.
2564 1096 2941 1191 Turpinum
2992 1095 3143 1166 Flo-

999 1217 1240 1289 rentiae
1255 1239 1438 1289 anno
1455 1217 1688 1290 MDCC
1697 1219 2027 1292 CXXVIII
2046 1221 2257 1294 homo
2277 1221 2845 1326 operosiorquam
2862 1219 3145 1313 gravior

997 1343 1258 1438 Ciampi
1301 1343 1540 1432 edidit,
1586 1345 1706 1439 qui
1746 1345 1965 1440 Baylii
2004 1345 2653 1419 commentationem
2685 1343 2899 1439 quum
2938 1345 3146 1416 semel

997 1469 1295 1560 legisset,
1327 1469 1564 1562 ibique
1601 1480 1669 1542 et
1712 1471 2024 1542 Gaufridi
2054 1471 2417 1567 epistolam
2452 1471 2567 1562 (ab
2616 1471 2989 1544 Oihenarto
3024 1469 3149 1542 de·

1001 1593 1336 1688 cerptam)
1387 1605 1456 1666 et
1495 1595 1831 1668 Guidonis
1868 1597 2104 1669 Allard
2146 1619 2352 1691 quam
2397 1596 2691 1691 exposui
2742 1596 3149 1667 sententiam

999 1719 1418 1823 invenis-set,
1465 1720 1638 1792 duas
1691 1743 1800 1794 res
1862 1722 2014 1794 illas
2082 1723 2178 1795 ita
2236 1721 2510 1794 miscuit
2562 1731 2629 1794 et
2692 1720 3151 1808 conturbavit,
3272 1797 3299 1818 ‚

1005 1855 1082 1917 ut
1125 1845 1279 1917 haec
1319 1847 1390 1917 in
1419 1846 1846 1943 proefhtl'one
1879 1848 2247 1919 scriberet:
2289 1875 2321 1912 «
2360 1851 2448 1918 In
2484 1871 2581 1916 un
2619 1845 2856 1917 codice
2893 1845 3158 1916 veduco

1005 1968 1098 2039 da
1175 1975 1274 2042 M.
1331 1968 1674 2042 Pilzenart
1731 1969 1887 2067 (sic)
1898 2025 2039 2044 .....
2102 1997 2224 2042 era
2276 1997 2420 2042 ema
2468 1969 2891 2068 prefazl‘one
2942 1969 3072 2042 che
3120 1973 3161 2042 ὲ

999 2097 1345 2191 νὶρονίαζα
1387 2095 1512 2165 nel
1547 2094 1939 2166 dizionario
1984 2095 2170 2168 della
2201 2099 2422 2168 slot-ia
2461 2098 2711 2167 critica
2748 2094 2872 2166 del
2902 2094 3149 2190 Bayle‚
3257 2071 3264 2077 “

1001 2242 1042 2287 e
1065 2216 1166 2314 su
1206 2219 1452 2288 scritta
1497 2216 1596 2288 da
1629 2225 1724 2290 u‘n
1775 2219 1885 2290 cal
1920 2225 2023 2291 Go
2008 2219 2081 2316 s
2048 2217 2263 2312 fredo
2295 2222 2539 2318 priore
2576 2218 2697 2292 del
2728 2223 3157 2290 monasterio

1009 2340 1094 2410 dc·
1128 2345 1208 2412 S.
1265 2339 1555 2412 Andrea
1605 2341 1683 2413 di
1722 2345 2005 2416 Vienna
2041 2343 2163 2415 nel
2190 2339 2549 2430 Delfiizato
2577 2344 2796 2440 (anno
2840 2346 3083 2442 1092).
3118 2375 3153 2411 n

1008 2467 1244 2558 Illum,
1288 2489 1462 2561 pene
1499 2468 2013 2561 incredibilem,
2059 2470 2417 2566 memoriae
2456 2472 2566 2542 vel
2610 2471 2853 2542 calami
2889 2470 3157 2564 lapsum

1014 2592 1211 2662 multi
1277 2593 1387 2688 pie
1452 2594 1984 2688 rescripserunt,
2040 2605 2118 2666 ut
2161 2595 2532 2667 verborum
2591 2595 2967 2681 ditissimus
3010 2597 3157 2686 ille,

1013 2717 1423 2790 eruditionis
1488 2739 1750 2814 pauper
1793 2720 2141 2809 Ferrario‚
2188 2721 2307 2814 qui
2361 2721 2561 2794 etiam
2621 2713 2969 2792 Pilzencirt
3022 2743 3163 2793 non

1009 2842 1236 2914 omisit
1283 2843 1412 2941 (1).
1447 2845 1941 2918 Excusandum
1992 2856 2221 2919 tamen
2262 2847 2448 2943 apud
2494 2846 2681 2920 viros
2720 2847 2839 2940 qui
2880 2846 3165 2942 Turpini

1011 2968 1294 3040 brevem
1346 2980 1415 3041 et
1469 2970 1913 3043 desultoriam
1959 2950 2375 3046 mentionem
2416 2972 2790 3062 faciebant3
2853 2972 3022 3065 quid
3078 2973 3167 3045 de

1014 3104 1252 3165 nostro
1307 3094 1678 3167 dicendum
1703 3152 1719 3183 ,
1764 3097 1887 3188 qui
1939 3118 2067 3168 nec
2106 3097 2474 3185 Oihenart,
2531 3119 2658 3171 nec
2700 3097 2923 3191 ipsum
2958 3097 3168 3192 Bayle

1019 3217 1246 3307 legere
1280 3217 1631 3309 dignatae,
1673 3220 1940 3291 Italiani
1978 3220 2258 3292 editoris
2287 3221 2749 3293 testimonium
2790 3244 2909 3315 pro
2945 3223 3169 3294 Evan-

1019 3340 1180 3432 gelii
1223 3342 1464 3430 verbo,
1509 3354 1585 3414 ut
1619 3344 1882 3433 dicunt,
1930 3343 2220 3415 habuit?
2256 3346 2610 3417 Lectorem
2658 3358 2883 3416 tamen
2935 3355 3169 3418 monet

1018 3464 1325 3537 Gaul'ridi
1349 3466 1710 3561 epistolam
1739 3469 1926 3563 apud
1958 3471 2165 3565 Bayle
2198 3480 2268 3542 et
2293 3470 2620 3541 Oienhart
2655 3470 2809 3563 (sic)
2842 3470 3163 3559 inveniri,
3288 3528 3307 3536 -

1016 3590 1139 3663 sed
1200 3592 1346 3687 ipse
1386 3590 1568 3664 illam
1603 3592 1697 3663 ibi
1739 3592 2019 3665 minime
2050 3594 2397 3686 quaesivit.
2434 3592 2681 3664 Scribit
2709 3614 2875 3684 ergo
2914 3592 3167 3665 audac·

1014 3728 1140 3807 ter,
1189 3728 1553 3813 postquam
1605 3718 1859 3789 dixerit
1915 3694 2327 3806 Guidonem,
2380 3718 2839 3790 Viennensem
2894 3717 3171 3790 archie-

1015 3845 1376 3939 piscopum
1419 3824 1688 3940 (postea
1727 3843 2083 3915 Callistum
2129 3844 2241 3940 ΙΙ),
2288 3845 2679 3913 Historiam
2730 3841 2965 3913 Caroli
3008 3847 3171 3913 Ma-

1015 3972 1148 4067 gni
1183 3984 1255 4039 et
1327 3967 1636 4039 Rolandi
1688 3990 1873 4041 anno
1942 3970 2123 4057 MXC
2192 3970 2299 4040 vel
2357 3968 2670 4063 sequenti
2730 3969 3105 4042 confecisse
3148 3996 3167 4039 ε

1027 4124 1062 4159 α
1096 4098 1209 4165 En
1248 4096 1462 4181 1092,
1497 4093 1562 4165 le
1585 4097 1831 4191 prieur
1864 4093 1952 4164 de
1980 4100 2058 4165 S.
2105 4094 2368 4165 Andre'
2393 4119 2471 4163 se
2518 4093 2776 4193 charge
2809 4092 2903 4165 de
2940 4094 3181 4165 lanc-er

1023 4220 1206 4291 dans
1257 4220 1321 4291 le
1377 4219 1634 4291 monde
1696 4220 1973 4290 l’oezwre
2026 4220 2114 4289 de
2163 4238 2299 4291 son‘
2342 4222 2637 4317 e've'que;
2699 4221 2757 4291 il
2804 4221 2874 4289 la
2948 4220 3176 4289 donne
3255 4301 3260 4307 ι

1097 4492 1170 4557 (1)
1207 4488 1414 4545 Storia
1431 4486 1502 4543 ed
1525 4484 1784 4557 Analc‘si,
1812 4487 1858 4554 1,
1892 4491 1980 4542 18.
