3700 5700
1862 748 1945 765 -..
1983 718 2064 780 38
2101 750 2181 765 .-

1073 853 1150 922 In
1198 850 1475 922 duobus
1510 860 1773 922 tantum
1808 850 2190 945 codicibus,
2237 851 2547 925 omnium
2579 850 3066 945 antiquissimis
3087 900 3110 939 ,

975 973 1036 1046 A
1063 986 1132 1047 et
1170 975 1244 1064 S,
1273 973 1587 1047 ultimum
1632 976 2190 1069 supplementum
2233 976 2613 1066 invenitur-3
2669 976 2866 1047 titulo
2897 983 3108 1061 caret,

975 1098 1077 1171 sic
1094 1106 1325 1169 autem
1340 1096 1576 1193 incipit
1600 1126 1616 1171 z
1642 1128 1676 1165 α
1692 1100 1985 1175 Karolus
2015 1122 2140 1173 rex
2159 1121 2285 1171 cur
2308 1100 2686 1196 appellatus
2703 1098 2790 1170 sit
2803 1103 3112 1196 Magnus

978 1223 1186 1295 dubia
1209 1223 1574 1295 multorum
1599 1224 1835 1319 opinio
1869 1235 1993 1299 est.
2027 1214 2162 1297 Sed
2189 1246 2276 1297 ne
2301 1226 2479 1297 fame
2504 1222 2775 1297 licentia
2795 1224 3113 1295 vulnere·

978 1357 1090 1420 tur
1129 1348 1345 1435 fides,
1382 1370 1659 1457 causam
1707 1350 1946 1443 paucis
1991 1348 2305 1423 reddam.
2345 1378 2380 1416 n
2425 1350 2753 1420 Narratur
2787 1348 2942 1419 ideo
2980 1346 3116 1417 his-

981 1472 1401 1561 toriuncula,
1444 1494 1655 1565 quam
1691 1474 1856 1545 alibi
1888 1475 2086 1546 retuli
2121 1474 2268 1569 (1),
2309 1474 2399 1545 (ιο
2432 1493 2593 1545 ursa
2631 1492 2672 1543 a
2711 1454 2962 1575 Κρωιο
3003 1490 3116 1541 00-

978 1594 1119 1667 cisa
1143 1648 1164 1686 ‚
1199 1596 1381 1687 quod
1428 1612 1669 1665 revera
1716 1596 1805 1668 de
1852 1598 2106 1670 Karolo
2156 1598 2464 1671 Martello
2507 1596 2764 1669 dictum
2793 1648 2810 1683 ‚
2847 1616 2939 1667 ex
2971 1594 3114 1667 vita

975 1731 1236 1793 sanctae
1257 1720 1686 1813 Amalbergae
1715 1710 1877 1793 illuc
1919 1724 2324 1818 compilator
2347 1720 2632 1817 quidam
2659 1720 2948 1793 inseruit
2975 1717 3111 1815 (2).

974 1846 1083 1917 Ex
1118 1844 1363 1917 eodem
1402 1846 1585 1916 fonte
1631 1848 1990 1939 sequentia
2025 1847 2285 1938 hausit,
2321 1848 2412 1920 de
2443 1846 2695 1941 quibus
2727 1866 3009 1940 qnoque
3040 1844 3110 1917 in

978 1972 1114 2045 alio
1151 1970 1327 2042 libro
1364 1970 1634 2043 locutus
1682 1992 1831 2042 sum
1877 1996 1894 2040 z
1934 2001 1967 2035 α
2006 1972 2239 2044 Victor
2293 1971 2404 2043 hic
2454 1972 2828 2044 bestiarum
2867 1981 2934 2043 et
2971 1992 3112 2041 om·

975 2098 1171 2168 nium
1230 2095 1679 2168 certaminum
1730 2096 1916 2169 molli
1953 2097 2350 2171 vulneratur
2401 2096 2710 2168 libidine.
2762 2097 2928 2167 Erat
2975 2094 3113 2165 illic

972 2222 1171 2313 virgo
1224 2242 1417 2292 sacra
1467 2220 1747 2292 nomine
1799 2221 2255 2315 Amalberga,
2308 2236 2439 2292 etc.
2494 2221 2622 2315 (3).
2663 2251 2696 2286 n
2739 2222 2912 2307 Quae
2963 2228 3117 2313 post

977 2368 1135 2419 eum
1168 2346 1520 2441 Philippus
1551 2346 1866 2418 Mousket
1891 2356 1958 2417 et
1996 2346 2111 2417 alii
2138 2347 2628 2419 recitaverunt.
2703 2350 2714 2361 '

1073 2472 1246 2557 Quae
1265 2472 1335 2543 in
1358 2472 1588 2542 multis
1605 2470 1959 2545 codicibus
1976 2484 2382 2565 sequuntur,
2402 2482 2478 2542 ut
2493 2468 2846 2542 Miz-acula
2875 2471 3116 2540 Sancti

972 2594 1260 2683 Iacchi,
1311 2596 1756 2665 uiuet-ariam
1784 2597 2310 2694 peregrinorum
2338 2594 2446 2691 (4)
2480 2606 2548 2667 et
2587 2596 2719 2667 alia
2735 2650 2755 2681 ‚
2793 2594 2926 2665 hoc
2969 2601 3113 2663 tan-

976 2734 1121 2795 tum
1150 2742 1305 2792 cum
1351 2720 1951 2815 Pseudo-Turpino
2001 2730 2526 2813 connectuntur,
2557 2719 2744 2814 quod
2781 2728 2850 2790 et
2874 2726 3109 2790 aucto·

972 2871 1084 2921 res
1115 2847 1373 2920 habent
1407 2847 1525 2942 qui
1553 2846 2194 2942 Compostellenscm
2224 2847 2575 2921 ecclesiam
2613 2859 2681 2919 et
2715 2843 3108 2942 peregrina-

974 2977 1233 3048 tionem
1264 2972 1704 3067 magnificare
1730 2973 2207 3046 intendebant.

1990 3301 2101 3372 VI.

1068 3557 1251 3630 Inter
1292 3549 1566 3626 codices
1599 3549 2177 3645 Pseudo-Turpini
2219 3547 2587 3643 quamdam
2625 3546 2955 3622 familiam
2995 3570 3114 3624 no·

974 3692 1232 3769 tamus,
1298 3699 1461 3772 quae
1519 3687 1771 3772 praeter
1828 3677 2050 3772 ipsum
2101 3675 2482 3770 Turpinum
2530 3674 2722 3748 varia
2779 3675 3113 3770 opuscula

972 3808 1307 3894 continet,
1343 3805 1519 3876 inter
1546 3825 1706 3898 quae
1736 3802 2067 3878 nonnulla
2101 3812 2261 3874 sunt
2287 3802 2561 3876 Callisto
2592 3823 2792 3896 papae
2829 3801 3108 3890 tributa,

972 3948 1050 4007 ut
1102 3937 1474 4006 Sermones
1518 3929 1595 4000 in
1647 3926 1988 4000 honorem.
2041 3927 2281 4000 sancti
2333 3923 2588 3998 Jacobs
2638 3925 3112 4020 Compostellae

1048 4143 1124 4215 (1)
1161 4142 1320 4196 Hist.
1347 4139 1502 4209 poe't.
1527 4135 1600 4192 de
1623 4099 2077 4208 Ckctrlemaqne,
2097 4150 2155 4207 p.
2187 4139 2313 4192 376.

1044 4235 1121 4300 (2)
1157 4228 1267 4297 lh..
1292 4242 1347 4299 p.
1371 4232 1500 4282 442.

1044 4321 1121 4481 ((ἶζ
1154 4317 1264 4462 llige,
1288 4321 1411 4460 1¹:2³03
1412 4319 1752 4457 {inm-arto
1787 4397 1944 4454 valde
1975 4397 2120 4456 lectu
2148 4397 2374 4472 dignam
2409 4397 2531 4455 vide
2565 4396 2803 4455 Victoris
2843 4399 2921 4454 Le
2954 4397 3109 4456 Clerc

976 4493 1418 4556 dissertationem
1444 4491 1729 4562 (Histoire
1755 4485 2058 4546 litter-aire
2082 4485 2237 4544 dela
2262 4491 2506 4559 Franco,
2533 4487 2700 4554 XXI,
2723 4483 3001 4557 281·292).
