3700 5700
87 378 92 401 -
89 270 96 359 -—.

1905 813 2008 885 ⁶—
2048 784 2246 843 36—

2050 1087 2132 1157 V.

1782 1258 2401 1390 Supplenenta:

1108 1524 1275 1597 Cum
1318 1524 1617 1621 capitulo
1653 1548 1828 1596 xxxn
1878 1525 2085 1598 finem
2139 1526 2396 1597 habent
2439 1524 2721 1621 Turpini
2772 1527 3135 1599 editiones.

1006 1648 1407 1723 Lambecius
1438 1659 1662 1721 tamen
1686 1705 1705 1737 ,
1753 1661 1833 1722 ut
1871 1671 2076 1743 supra
2110 1650 2439 1737 diximuS,
2472 1651 2944 1745 supplementa
2975 1674 3143 1744 qua-

1006 1786 1161 1847 tuor
1212 1773 1457 1861 edidit,
1502 1796 1663 1865 quae
1714 1783 1873 1868 post
1918 1796 2077 1845 eum
2123 1783 2190 1845 et
2225 1773 2566 1845 Kollarius
2605 1786 2672 1845 et
2713 1775 3138 1849 Reiffenber-

1000 1900 1153 1994 gius
1183 1898 1459 1971 dedere.
1496 1901 1657 1969 Tres
1704 1898 1999 1993 capitula
2044 1908 2196 1992 post
2232 1899 2400 1971 illud
2437 1922 2616 1969 xxxii
2653 1901 2953 1971 afferunt
2997 1922 3141 1972 om·
3223 1994 3229 1999 ¹

1000 2047 1124 2097 nes
1164 2024 1440 2096 codices
1472 2022 1590 2115 qui
1630 2022 1763 2093 hoc
1808 2022 2036 2115 ipsum
2077 2022 2456 2111 continent,
2504 2045 2798 2117 quorum
2839 2026 3136 2123 primum

996 2149 1347 2243 quoddam
1388 2147 1678 2220 Rolandi
1722 2147 2010 2233 facinuS,
2062 2147 2125 2217 in
2191 2147 2544 2241 deperdita
2585 2149 2920 2221 cantilena
2964 2150 3131 2221 cele-

995 2275 1267 2347 bratum
1291 2327 1311 2363 ,
1347 2293 1703 2368 perperam
1754 2292 2037 2343 narrare
2071 2272 2212 2342 vult
2234 2271 2368 2366 (1),
2405 2274 2812 2363 secundum,
2837 2284 2913 2345 ut
2943 2273 3130 2347 dixi·

993 2419 1169 2488 mus,
1204 2388 1504 2491 'mortem
1550 2394 1836 2490 Turpini
1871 2406 1940 2466 et
1988 2395 2457 2468 inventionem
2502 2398 2811 2491 corporis
2859 2399 3008 2489 ejus
3059 2400 3130 2469 in

988 2496 1254 2594 Vienna
1272 2571 1293 2614 ,
1320 2521 1596 2593 tertium
1626 2521 1798 2614 quid
1825 2520 2132 2592 Galletiae
2161 2530 2313 2614 post
2333 2531 2619 2592 mortem
2647 2522 2866 2594 Caroli
2896 2521 3128 2616 Magni

986 2647 1345 2720 advenerit
1383 2646 1612 2717 refert.

1078 2775 1239 2843 Duo
1267 2770 1497 2868 priora
1535 2768 1840 2862 ejusdem
1874 2791 2025 2840 esse
2063 2790 2219 2840 reor
2250 2770 2546 2858 auctoris
2583 2770 2702 2864 qui
2734 2780 2803 2842 et
2830 2772 3124 2867 capitula

977 2921 1271 2970 vi-xxxu
1301 2897 1499 2984 fecit;
1539 2918 1661 2967 cur
1685 2895 1986 2966 dubitari
2014 2915 2152 2966 non
2182 2894 2395 2988 possit
2429 2897 2742 2969 eumdem
2769 2896 3122 2970 hominem

978 3046 1130 3118 cap.
1176 3045 1332 3093 xxxi
1384 3032 1454 3094 et
1499 3021 1724 3115 suppl.
1787 3043 1838 3089 ιι
1887 3019 2278 3114 scripsisse,
2337 3020 2486 3092 dixi
2538 3044 2778 3118 supra,
2827 3045 3124 3118 eumque

976 3149 1071 3220 ita
1098 3149 1555 3220 Viennensem
1590 3145 1815 3235 argui.
1855 3144 1994 3216 Sed
2033 3144 2408 3216 notandum
2435 3154 2564 3234 est,
2596 3144 2909 3217 codicum
2940 3170 3116 3242 quos

974 3273 1244 3368 inspexi
1284 3286 1437 3341 octo
1474 3269 1581 3366 (2)
1626 3270 1783 3340 huic
1830 3269 2128 3363 capitulo
2165 3269 2358 3341 illum
2397 3270 2754 3364 praefigere
2792 3274 3109 3350 titulum:

1074 3424 1109 3460 α
1143 3395 1451 3468 Calixtus
1485 3415 1661 3492 papa
1700 3393 1789 3465 de
1834 3393 2238 3466 inventione
2277 3392 2581 3487 corporis
2618 3393 2794 3465 beati
2838 3396 3110 3490 Turpini

860 3493 871 3497 -
966 3520 1273 3615 episcopi
1304 3531 1373 3591 et
1414 3517 1763 3613 martyris.
1800 3547 1835 3583 »

1062 3646 1300 3718 Nullus
1328 3666 1563 3716 eorum
1581 3643 1701 3739 qui
1720 3641 2071 3714 Callistum
2096 3643 2302 3714 totius
2343 3642 2572 3736 operis
2587 3652 2935 3715 auctorem
2961 3667 3113 3718 esse

962 3769 1616 3844 contenderunthoc
1634 3768 1845 3855 vidit,
1884 3790 2027 3860 quo
2058 3769 2269 3839 fretus
2299 3767 2706 3839 sententiam
2736 3791 2931 3840 suam
2959 3779 3109 3842 tan-

963 3905 1107 3966 tum
1140 3893 1547 3965 roborasset.
1581 3891 1763 3976 Quid
1810 3891 1898 3962 de
1942 3890 2075 3962 hoc
2121 3889 2552 3962 sentiendum
2603 3891 2886 3963 inferius
2919 3893 3103 3964 vide-

958 4019 1220 4108 bimus;
1274 4018 1463 4090 deest
1528 4017 1684 4087 haec
1736 4015 2092 4110 inscriptio
2139 4016 2208 4085 in
2263 4015 2538 4088 duobus
2591 4013 3102 4109 antiquioribus

962 4143 1312 4216 codicibus
1350 4143 1406 4210 A
1436 4143 1508 4212 S.
2443 4205 2448 4210 ⁵

1053 4268 1346 4339 Tertium
1397 4265 1704 4337 additum
1756 4263 2169 4359 capitulum,
2212 4264 2298 4336 de
2353 4264 2506 4335 fatis
2553 4265 2902 4353 Galletiae,
2955 4287 3094 4338 non

1022 4456 1098 4523 (1)
1132 4449 1273 4508 Vide
1293 4451 1555 4506 Histoire
1576 4449 1843 4522 poetique
1869 4447 1942 4504 de
1966 4445 2422 4522 charlemaqne,
2449 4464 2504 4521 p.
2538 4453 2665 4507 287.

1026 4543 1101 4616 (2)
1140 4537 1313 4598 codd.
1348 4539 1413 4606 B,
1439 4539 1506 4607 E,
1534 4539 1609 4610 G,
1635 4539 1712 4609 H,
1742 4539 1791 4609 1,
1817 4539 1874 4606 J,
1904 4541 1976 4609 N,
2001 4541 2070 4612 Q.
