3700 5700
1960 684 2042 695 ...
2082 651 2162 712 52
2200 682 2280 693 .-

1067 778 1156 848 ιίε
1200 781 1411 849 Paris
1442 777 1515 846 la
1550 778 1736 847 dona
1782 780 2181 880 (Beagm'e)
2205 782 2274 850 ’ὰ
2328 806 2426 851 un
2460 804 2589 849 sou
2634 784 2847 858 nevo',
2898 776 2945 845 ὰ
3001 777 3200 846 Guil-

1069 899 1331 971 le‘aume
1370 899 1459 970 de
1503 902 1741 985 Paris,
1784 930 1823 972 e
1863 904 1920 974 lc·
1953 903 2096 976 dise
2132 933 2153 976 .·
2193 910 2422 975 Beaus
2458 904 2612 973 nias
2633 956 2653 989 ,
2695 898 2981 983 d’iceste
3025 916 3205 971 terre

1067 1054 1267 1103 seras
1290 1028 1455 1101 hom
1484 1029 1532 1099 ὰ
1560 1029 1755 1101 l’abe'
1771 1031 1860 1102 de
1889 1034 2482 1107 Saint-Germoin
2511 1030 2600 1101 de
2626 1031 2866 1113 Paris,
2905 1056 2942 1099 e
2969 1027 3203 1099 cle-ton

1072 1152 1513 1252 homenagzc-
1532 1155 1603 1223 si
1651 1180 1739 1225 en
1784 1154 2082 1226 rendras
2127 1155 2175 1225 ὰ
2212 1154 2395 1225 l’abe'
2435 1158 2496 1222 X
2501 1156 2583 1223 II
2580 1157 2623 1222 I
2649 1166 2968 1224 costean-⁵·
3019 1178 3058 1221 e
3107 1174 3200 1219 un

1066 1302 1234 1350 cuer
1263 1276 1353 1348 de
1388 1276 1557 1373 cers
1570 1278 1698 1374 (1).
1738 1309 1775 1346 n
1885 1326 1888 1331 -

1168 1528 1351 1600 Talia
1390 1536 1573 1599 certe
1600 1528 1777 1600 inter
1805 1539 2111 1600 monstra
2143 1527 2468 1599 litteraria
2502 1524 2965 1616 numeranda3
3003 1525 3208 1595 Sanc-

1072 1651 1473 1726 tonensibus
1534 1662 1759 1724 tamen
1820 1651 2007 1724 haud
2053 1651 2317 1723 inutilia
2363 1650 2702 1736 historicis
2757 1650 2866 1721 vel
2914 1668 3203 1741 geogra-

1071 1766 1264 1869 phis,
1296 1783 1365 1843 et
1392 1793 1552 1864 quae
1586 1772 1673 1843 ab
1702 1772 1986 1844 eruditis
2014 1772 2406 1844 hominibus
2433 1771 2630 1843 istius
2663 1769 3048 1864 provincia-:2
3064 1790 3205 1841 non

1074 1900 1323 1969 frustra
1382 1896 1980 1989 investigarentur.
2039 1896 2306 1991 Repetit
2355 1896 2628 1967 tandem
2684 1893 3036 1967 translatio
3093 1895 3210 1965 illa

1073 2020 1245 2093 mira
1295 2028 1562 2091 textum
1614 2018 1900 2090 latinum
1956 2018 2238 2091 ineunte
2285 2017 2589 2112 capitulo⁴
2635 2018 2727 2089 XI
2751 2070 2771 2107 ,
2831 2028 2900 2089 et
2956 2016 3210 2089 abhinc

1080 2168 1223 2231 non
1256 2144 1543 2215 multum
1589 2144 1679 2215 ab
1714 2143 2129 2217 eoaherrat.

1174 2267 1414 2343 Codex
1463 2269 1655 2337 5714
1708 2266 1926 2338 codici
1980 2270 2120 2337 124
2167 2268 2469 2341 anterior
2511 2266 2808 2339 videtur.
2852 2266 2977 2338 Hic
3027 2265 3210 2337 enim

1073 2402 1323 2488 praeter
1352 2392 1727 2484 Turpinum
1764 2390 1980 2462 breve
2017 2388 2439 2479 Chronicum
2480 2399 2746 2491 Regum
2784 2397 3211 2463 Francorum

1056 2516 1381 2587 continet
1410 2514 1543 2607 (do
1582 2534 1723 2605 quo
1759 2514 1926 2586 vide
1967 2514 2278 2584 Histoire
2311 2514 2646 2585 litte'raire
2679 2512 2768 2585 de
2800 2514 2874 2585 la
2911 2518 3204 2593 France,

1075 2639 1264 2725 XXI,
1300 2633 1529 2730 741),
1569 2637 1763 2727 cujus
1799 2644 2043 2709 auctor
2074 2637 2534 2710 verisimiliter
2571 2638 2756 2711 idem
2807 2660 2889 2710 ac
2930 2636 3211 2732 Turpini

1058 2758 1529 2856 interpolator
1585 2757 1732 2829 fuit.
1786 2760 2038 2831 Fontes
2080 2760 2264 2867 enini
2315 2783 2356 2833 e
2405 2761 2660 2854 quibus
2714 2760 2942 2833 hausit
3003 2762 3214 2833 ferme

988 2929 993 2935 -
1078 2885 1320 2958 iisdem
1352 2885 1843 2958 additamentis
1865 2885 2274 2958 adulteravit
2291 2897 2496 2980 atque
2519 2888 2925 2982 Tui-pinum,
2967 2909 3214 2979 quam-

1080 3013 1188 3084 vis
1220 2995 1427 3106 paulo
1460 3011 1964 3094 moderantium
1997 3011 2227 3105 lingua
2255 3012 2534 3101 eadem3
2570 3013 2956 3107 complures
2992 3010 3217 3083 nomi·

1084 3145 1335 3208 uantur
1361 3135 1479 3230 qui
1506 3144 1575 3207 et
1606 3137 1677 3207 in
1705 3137 1991 3231 Turpini
2017 3137 2883 3228 translatione'occurrunt3
2918 3137 3217 3230 denique

1082 3265 1153 3336 in
1198 3260 1563 3349 ambobus,
1606 3262 1783 3333 inter
1826 3263 2045 3334 Caroli
2088 3265 2315 3356 Magni
2357 3263 2889 3351 commilitoneS‚
2931 3261 3214 3356 quidam

1078 3398 1503 3460 numeratur.
1534 3382 1876 3479 Taillefie·
1935 3385 2025 3455 de
2091 3391 2270 3458 Leon
2294 3440 2317 3468 ,
2380 3410 2575 3457 coms
2629 3384 3212 3484 d'Angoulesme,

1079 3511 1225 3606 qui,
1270 3511 1547 3583 aliunde
1595 3512 1797 3605 plane
1847 3511 2153 3602 ignotu5‚
2216 3513 2472 3605 patrius
2525 3512 2749 3600 heroe,
2795 3513 2905 3583 vel
2959 3511 3220 3607 populo

1082 3633 1532 3707 Sanctonensi
1580 3633 1997 3724 celebratus,
2036 3636 2146 3709 vel
2186 3635 2280 3708 ab
2321 3646 2598 3708 auctore
2641 3645 2937 3725 creatus»,
2983 3633 3220 3707 haberi

1082 3758 1307 3832 debet.
1352 3761 1656 3856 Scriptor
1682 3783 1847 3852 ergo
1873 3761 2222 3834 chronici
2247 3763 2620 3858 Turpinum
2659 3763 3124 3858 interpolavit,
3153 3770 3224 3834 ct

1080 3885 1304 3958 codex
1352 3889 1493 3957 124
1526 3895 1683 3980 post
1724 3887 2031 3990 codicem
2071 3889 2263 3958 3714
2301 3899 2419 3959 aut
2457 3887 2638 3958 illius
2675 3897 3028 3959 auctorem
3067 3886 3222 3958 des·

1078 4013 1335 4107 criptus
1355 4022 1482 4099 est.
1502 4013 1814 4084 Ceterum
1835 4011 2059 4085 codex
2092 4017 2230 4084 124
2262 4011 2690 4086 Sanctonicae
2711 4011 2989 4084 dialecti
3017 4011 3223 4106 paulo

1084 4135 1483 4209 obscuriora
1509 4135 1799 4227 vestigia
1830 4138 2069 4225 affert;
2101 4137 2315 4210 verba
2345 4137 2646 4210 suetiore
2673 4136 2890 4210 modo
2913 4135 3227 4208 scribun-

1084 4327 1093 4340 .
1153 4391 1227 4456 (1)
1262 4388 1329 4444 F·
1353 4393 1410 4457 4,
1439 4392 1502 4444 ν’)
1524 4389 1590 4445 Β.
