3700 5700
1950 700 2271 780 -34.-

911 843 916 848 ’
1034 837 1108 910 in
1135 835 1515 928 Evangelio
1555 843 1764 930 patet,
1796 834 2170 921 revelavit3
2202 833 2303 904 sic
2335 851 2457 926 per
2491 851 2611 903 eos
2650 843 2787 903 tres
2826 831 2949 902 has
2978 829 3176 902 sedes

1034 981 1180 1056 prae
1233 959 1558 1032 omnibus
1609 958 1824 1032 cosmi
1878 957 2163 1030 sedibus
2209 955 2626 1029 reverendas
2674 955 3047 1028 constituit.
3090 955 3178 1026 Et

1032 1083 1272 1157 merito
1326 1083 1438 1156 hae
1491 1084 1692 1158 sedes
1739 1084 2061 1156 dicuntur
2134 1082 2537 1176 principales
2580 1109 2599 1153 z
2642 1082 2807 1176 quia
2860 1083 3037 1154 sicut
3100 1081 3169 1152 hi

1033 1215 1170 1280 tres
1199 1206 1492 1303 apostoli
1523 1205 1879 1300 dignitatis
1904 1205 2124 1297 gratia
2156 1216 2418 1278 ceteros
2458 1215 2959 1300 praecesserunt
2984 1225 3175 1300 apos-

1035 1331 1234 1419 tolos,
1287 1329 1386 1402 sic
1429 1331 1580 1402 loca
1623 1330 2201 1404 illasacrosancta
2224 1381 2243 1419 ,
2296 1329 2365 1402 in
2412 1329 2667 1422 quibus
2716 1330 3173 1426 praedicarunt

1028 1461 1100 1526 et
1145 1451 1394 1548 sepulti
1445 1454 1758 1540 fuerunt,
1821 1451 2175 1545 dignitatis
2240 1453 2650 1526 excellentia
2715 1453 2927 1526 totius
2984 1452 3171 1526 orbis

1029 1576 1232 1650 sedes
1254 1577 1414 1669 jure
1463 1575 1859 1672 praecedere
1891 1576 2171 1650 debent.
2223 1579 2257 1648 J
2263 1599 2383 1648 ure
2418 1597 2705 1650 romana
2746 1578 2947 1652 sedes
2977 1598 3175 1672 apoe·

1029 1700 1236 1774 tolica
1280 1701 1726 1796 praeponitur,
1771 1700 1933 1794 quia
1973 1722 2126 1773 eam
2173 1701 2491 1796 princeps
2530 1702 3001 1796 apostolorum
3042 1702 3170 1775 Pe·

1033 1836 1176 1898 trus
1220 1824 1716 1920 praedicatione
1761 1845 1887 1898 sua
1932 1835 2001 1896 et
2034 1825 2319 1919 proprio
2355 1824 2689 1918 sanguine
2727 1834 2797 1928 ‘³9¹
2824 1825 3171 1919 sepultura

1026 1949 1398 2028 dedicavit.
1431 1948 1978 2046 Compostellana
2020 1969 2303 2044 quoque
2348 1951 2547 2024 sedes
2582 1951 2887 2024 secunda
2923 1950 3168 2024 merito

1027 2076 1304 2166 dicitur,
1335 2075 1500 2173 quia
1543 2077 1789 2150 beatus
1811 2075 2133 2163 lacobus,
2164 2077 2282 2170 qui
2315 2076 2489 2150 inter
2520 2082 2797 2148 ceteroe'
2820 2077 3173 2171 apostolos

1031 2201 1376 2296 praecipuo
1419 2201 1754 2294 dignitate
1787 2211 1859 2274 et
1902 2203 2167 2274 honore
2218 2223 2300 2273 ac
2350 2185 2705 2274 honestate
2748 2204 2973 2295 major
3022 2209 3174 2297 poet

1027 2327 1307 2401 beatum
1359 2327 1635 2402 Petrum
1685 2304 1987 2414 exstitit,
2038 2337 2108 2400 et
2162 2327 2227 2398 in
2287 2328 2483 2400 coelis
2541 2327 2903 2423 primatum
2969 2349 3175 2423 super

1029 2461 1298 2526 ceteros
1332 2439 1557 2538 tenet,
1609 2451 1798 2546 prius
1842 2451 2169 2547 martyrio
2208 2453 2579 2542 laureatus,
2633 2473 2811 2524 eam·
2832 2453 3175 2547 praedica-

1029 2577 1216 2652 tione
1259 2599 1386 2650 sua
1427 2577 1590 2648 olim
1627 2577 1957 2662 munivit,
2004 2597 2127 2648 sua
2172 2576 2598 2652 sanctissima
2635 2577 2978 2671 sepultura
3018 2599 3179 2649 con·

1029 2702 1350 2792 scotavit,
1409 2712 1480 2776 et
1531 2701 1881 2776 miraculis
1934 2699 2169 2772 adhuc
2228 2701 2557 2787 illustrat,
2627 2701 3177 2774 indeficientibus

1028 2827 1384 2903 beneficiis
1438 2825 1909 2901 indesinenter
1942 2825 2168 2899 ditare
2206 2847 2344 2899 non
2406 2834 2653 2899 cessat.
2698 2825 2922 2898 Tertia
2978 2826 3177 2901 sedes

1029 2966 1220 3027 recto
1267 2953 1584 3049 Ephesus
1631 2952 1911 3041 dicitur,
1960 2964 2092 3026 etc.
2147 2982 2183 3021 >2
2232 2954 2707 3049 Co‘mpostellae
2752 2974 3031 3046 quoque
3078 2950 3179 3023 di-

1028 3080 1287 3153 dicerat
1326 3087 1564 3151 noster
1593 3076 1796 3151 Iriam
1837 3106 1873 3143 α
1908 3100 2029 3172 pro
2066 3078 2237 3151 urbe
2268 3077 2717 3174 reputandam
2750 3100 2889 3149 non
2920 3096 3075 3150 esee
3102 3106 3169 3163 a,

1031 3213 1396 3297 ceteraque
1431 3201 1704 3275 similia.

1123 3326 1312 3420 Papa
1366 3327 1586 3399 factus
1647 3335 1752 3397 eet
1803 3324 2073 3410 Guido,
2130 3326 2450 3399 defuncto
2504 3328 2776 3401 Gelasio
2830 3328 2885 3397 ΙΙ
2914 3380 2933 3418 ,
2985 3346 3171 3398 anno

1030 3450 1340 3539 MCXlX,
1391 3451 1674 3542 Jamque
1724 3470 1907 3520 anno
1960 3449 2207 3521 MCXX
2254 3452 2763 3547 Compostellae,
2814 3473 2977 3545 quae
3016 3472 3175 3547 spe·

1034 3586 1340 3659 revertit,
1399 3571 1738 3645 beneficia
1797 3574 2113 3646 contulit.
2174 3576 2471 3649 Titulum
2520 3576 3170 3673 archiepiscopalem

1027 3699 1288 3772 Didaco
1324 3698 1658 3771 Gelmirez
1685 3696 2323 3791 dedit,'lriensibuS‚
2363 3714 2659 3774 veterem
2698 3702 3171 3797 episcopatum

1026 3826 1266 3897 saltem
1294 3820 1786 3920 repetentibuS‚
1814 3844 1955 3895 non
1984 3826 2247 3915 annuit,
2274 3837 2343 3899 et
2364 3827 2889 3921 compostellam
2920 3834 3172 3897 metro·

1029 3950 1240 4045 polim
1271 3947 1783 4050 hispanicarum
1811 3948 2273 4022 Ecclesiarum
2305 3952 2485 4023 fecit.
2511 3952 2725 4023 Simul
2756 3961 2825 4022 et
2843 3950 3175 4021 Didacom

1030 4075 1318 4167 epistola
1345 4073 1615 4145 monuit
1637 4074 2010 4146 concilium
2035 4076 2515 4169 Compostellae
2546 4097 2957 4164 convocare,
2988 4071 3176 4171 quod

1030 4212 1096 4271 et
1133 4198 1248 4269 ille
1282 4218 1465 4269 anno
1503 4196 1788 4269 MCXXI
1829 4200 2011 4271 fecit.
2052 4246 2087 4257 --

1125 4322 1305 4393 Ante
1333 4322 1464 4392 hos
1511 4330 1800 4393 eventus
1843 4322 2170 4417 scriptum
2214 4323 2459 4394 librum
2510 4346 2794 4413 cense03
2841 4345 2977 4395 non
3015 4344 3171 4395 ver-

1028 4449 1194 4520 bum
1235 4446 1413 4517 enim
1458 4445 1548 4517 de
1580 4443 2170 4553 archiepiscopatu
2206 4448 2401 4537 facit,
2444 4449 2637 4543 quod
2678 4459 2863 4523 certe
2906 4422 3174 4521 fecieset
