3700 5700
1413 766 1493 779 ...
1534 734 1573 793 5
1612 764 1694 779 ...-

514 918 517 923 -
600 866 714 935 Vir
746 866 1179 939 doctissimus
1210 867 1389 938 inter
1422 876 1692 938 nostros
1728 863 1946 934 abbas
1973 861 2256 948 Lebeuf,
2295 862 2363 931 in
2392 860 2638 961 disset-5

502 991 760 1063 tatione
822 1014 1030 1083 quam
1092 992 1488 1063 Academiae
1542 988 2061 1083 inscriptionum
2098 985 2644 1078 litterarumque,

501 1133 735 1183 mense
762 1122 1054 1203 augusto
1081 1112 1244 1183 anni
1278 1114 1494 1199 1747,
1520 1110 1829 1181 recitavit
1858 1106 1992 1203 (1),
2023 1117 2366 1178 auctorem
2401 1115 2468 1176 et
2490 1105 2640 1177 His·

500 1258 757 1330 panum
814 1236 1022 1307 fuisse
1076 1248 1145 1308 et
1190 1234 1645 1339 monachum,
1704 1246 1770 1305 et
1813 1234 1996 1339 circa
2044 1230 2252 1303 finem
2295 1230 2641 1303 undecimi

502 1361 737 1433 saeculi
769 1361 1030 1432 vixisse
1057 1360 1400 1458 defendit-3
1435 1380 1595 1453 quae
1634 1359 1719 1430 de
1752 1368 1937 1431 certa
1971 1364 2165 1452 parte
2195 1365 2458 1429 tantum
2485 1356 2642 1426 libri

500 1505 666 1556 vera
702 1495 886 1555 sunt.
932 1484 1379 1576 Argumentis
1416 1506 1581 1577 ergo
1626 1483 1976 1555 nonnullis
2021 1481 2274 1577 quibus
2325 1502 2494 1551 usus
2545 1488 2648 1551 est

500 1608 589 1680 ad
626 1611 1215 1703 comprobandam
1256 1611 1648 1705 opinionem
1701 1630 1894 1703 suam
1934 1617 2004 1679 et
2044 1628 2176 1698 ego
2214 1604 2500 1677 inferius
2542 1604 2642 1674 uti

503 1744 767 1827 potero,
804 1756 1043 1805 eorum
1075 1747 1304 1807 tamen
1338 1734 1484 1805 vim
1520 1742 1838 1805 accurate
1872 1730 2399 1824 restringendo..

594 1859 749 1931 Uno
771 1860 989 1932 verbo
1009 1861 1513 1932 refellitdoctus
1533 1858 1751 1930 ab'bas
1769 1856 2080 1931 Casimiri
2104 1856 2363 1928 Oudiui
2379 1856 2653 1949 conjec-

505 1992 760 2071 turam,
787 2002 995 2077 quam
1016 1996 1253 2079 postea
1282 1983 1685 2057 Lambecius
1702 1984 1956 2075 aliique
1975 1980 2191 2054 secuti
2215 1991 2400 2072 suut,
2434 1980 2651 2052 nemi-

502 2128 659 2177 nem
683 2107 939 2179 scilicet
972 2111 1179 2180 alium
1214 2119 1566 2182 auctorem
1608 2108 1755 2179 falsi
1783 2106 2098 2179 chronici·
2117 2128 2266 2178 esse
2293 2114 2503 2197 atque
2533 2128 2650 2202 pa-

500 2253 662 2326 pam
714 2233 1059 2305 Callistum
1110 2235 1206 2322 11,
1269 2234 1391 2326 qui
1437 2244 1507 2305 et
1547 2232 1715 2303 illud
1770 2229 2146 2327 pontificali
2201 2231 2491 2325 epistola
2534 2252 2650 2300 au·

502 2354 881 2427 theuticum
901 2358 1383 2429 declaravisset
1398 2354 1530 2452 (2).
1557 2358 1707 2428 Jam
1732 2356 2262 2448 divulgaverant
2276 2354 2558 2426 Vossius
2583 2364 2653 2426 et

504 2480 659 2568 alii,
698 2482 1055 2553 Callistum
1097 2504 1341 2577 papam
1386 2482 1669 2575 Tui-pini
1718 2481 2074 2552 historiam
2125 2502 2252 2575 pro
2299 2501 2465 2551 vera
2527 2480 2652 2550 ha-

506 2606 803 2677 bendam
841 2608 1185 2695 statuisse,
1218 2608 1507 2702 epistola
1548 2606 1805 2677 scilicet
1836 2627 2048 2699 quam
2090 2605 2376 2677 Vossius
2418 2604 2647 2699 publi-

502 2730 724 2820 cavit3
761 2732 1126 2824 Vossiique
1171 2731 1387 2825 ipsius
1437 2731 1848 2802 sententiam
1893 2732 2256 2827 amplexus
2289 2742 2391 2803 est
2430 2732 2648 2804 Oudi-

502 2875 660 2925 nus.
715 2854 853 2926 Sed
901 2877 1027 2926 nec
1090 2856 1295 2947 hujus
1342 2856 1653 2953 epistolae
1708 2878 1749 2927 a
1812 2855 2163 2930 catholicis
2203 2857 2650 2952 scriptoribus

504 2976 975 3071 impugnatam
1032 2980 1531 3072 sinceritatem,
1575 3003 1702 3053 nec
1747 3004 1946 3053 suam
1984 2983 2073 3056 de
2120 2983 2372 3054 Callisti
2418 2993 2648 3054 aucto·
2689 3015 2694 3020 ·

504 3100 702 3172 ritate
744 3102 1139 3196 opinionem
1179 3106 1333 3176 ullis
1374 3092 1797 3198 argumentis
1834 3107 2158 3179 stabilivit
2204 3128 2442 3179 eorum
2488 3107 2648 3180 alte·

504 3237 719 3315 ruter;
767 3226 1063 3318 ideoque
1100 3227 1219 3297 diu
1258 3237 1677 3322 contempta,
1704 3230 1945 3302 saltem
1977 3231 2166 3324 apud
2193 3240 2493 3319 nostroS‚
2534 3232 2643 3304 in-

504 3360 820 3446 tactaque
865 3331 1104 3443 jacuitss
1170 3351 1345 3423 Nam
1394 3353 1717 3426 Germani
1770 3364 1982 3448 atque
2033 3355 2240 3448 Angli
2294 3378 2437 3427 non
2491 3377 2650 3428 raro

502 3496 653 3548 eam
684 3475 1218 3569 adoptaverunt.

600 3599 775 3672 Nata
810 3601 945 3673 hoo
976 3603 1231 3674 saeculo
1270 3602 1504 3675 studia
1541 3605 1629 3676 de
1664 3603 1855 3699 poesi
1891 3605 2227 3697 maJorum
2261 3615 2651 3679 nostrorum

500 3725 694 3819 epioa
722 3724 947 3797 denuo
976 3727 1281 3798 virorum
1304 3704 1661 3801 doctorum
1698 3729 2053 3822 ingenium
2083 3731 2175 3802 ad
2199 3731 2652 3804 examinatio·

505 3872 659 3922 uem
677 3827 1258 3946 Pseudo-Turpini
1276 3853 1653 3926 adduxere.
1671 3855 1818 3927 Hoc
1836 3854 2133 3949 primum
2148 3855 2400 3943 illuxit,
2417 3857 2657 3952 Turpi·
2737 3943 2752 3959 ο

508 3993 672 4043 num
702 3994 835 4044 non
860 4024 878 4061 ,
918 3981 997 4042 ut
1031 3986 1233 4045 autea
1273 3973 1709 4063 credebatur,
1744 3977 2030 4064 fontem,
2071 3974 2196 4046 sed
2240 3976 2653 4048 imitatorem

504 4146 562 4195 et
589 4153 702 4194 non
730 4137 893 4210 paulo
915 4137 1214 4208 recentiuS,
1242 4146 1298 4195 et
1319 4153 1351 4195 a
1371 4139 1679 4196 Bertrando
1700 4139 1960 4198 Barrensi
1983 4141 2360 4215 compositum
2386 4140 2479 4199 sit.
2497 4141 2656 4198 Aliud

504 4235 697 4284 tamen
720 4226 791 4284 de
816 4225 1015 4284 eodem
1038 4226 1296 4297 Girardo,
1320 4236 1377 4286 et
1404 4227 1703 4302 antiquius,
1735 4229 2008 4288 exstitisse
2029 4228 2246 4288 videtur
2269 4246 2492 4287 carmen
2514 4231 2659 4301 (vide

506 4319 773 4374 Histoire
794 4318 1063 4388 poetique
1090 4317 1163 4373 de
1192 4316 1641 4390 Clearlemayne,
1670 4333 1727 4390 p.
1761 4321 1911 4385 325).

580 4408 660 4474 (1)
700 4408 963 4461 Histoire
988 4405 1059 4460 cle
1086 4404 1448 4461 l’Aoade'mie
1464 4406 1568 4462 des
1586 4409 1998 4477 Inscriptious,
2027 4412 2070 4462 t.
2097 4407 2252 4474 XXI,
2287 4421 2343 4478 p.
2370 4412 2622 4464 140-146.

582 4497 656 4560 (2)
696 4497 779 4548 De
811 4492 1208 4564 scriptoribus
1231 4493 1679 4562 Ecclesiasticis,
1704 4502 1747 4550 t.
1777 4497 1853 4563 11,
1873 4509 1924 4565 p.
1955 4499 2046 4563 68.
