3700 5700
1524 717 1840 775 ...41—

631 854 906 918 verunt.
966 841 1216 917 valete.
1258 845 1828 920 Confirmationes
1871 846 2319 918 cardinalium
2348 846 2793 943 (sequuntur,

593 943 966 1062 nomina).
1021 998 1056 1033 n

725 1095 919 1165 Hanc
953 1093 1310 1187 epistolam
1340 1093 1483 1184 jam
1521 1092 1736 1166 edidit
1777 1095 1865 1165 V.
1912 1093 2011 1165 Cl.
2060 1093 2291 1165 Victor
2324 1095 2418 1164 Le
2454 1091 2647 1165 Clerc
2687 1094 2757 1163 in

627 1220 942 1290 Historia
997 1212 1394 1288 litterarum
1449 1217 1887 1289 Gallicarum
1937 1219 2078 1313 (1),
2129 1219 2353 1311 deque
2411 1218 2758 1291 Aimerioo
2854 1205 2861 1212 ⁵

625 1344 926 1416 Picaudo
975 1344 1081 1437 (2)
1133 1343 1420 1434 conjecit
1467 1365 1626 1416 eum
1678 1346 1968 1416 fortasse
2019 1342 2276 1414 codicis
2331 1342 2543 1436 ipsius
2596 1365 2756 1415 con-

626 1470 1107 1542 sarcinatorem
1148 1469 1377 1542 suisse.
1417 1470 1688 1542 Certum
1725 1479 1830 1541 est
1863 1470 2049 1548 hunc
2084 1469 2333 1540 librum
2381 1478 2535 1562 post
2574 1491 2758 1540 mor-

630 1604 763 1665 tem
803 1592 1233 1664 lnnnocentii
1282 1593 1341 1663 II
1383 1593 1773 1688 (MCXLIII)
1809 1597 2137 1688 scriptum
2176 1593 2406 1682 fuisse,
2454 1593 2573 1664 sed
2611 1616 2753 1666 non

625 1718 840 1788 multo
901 1728 1069 1812 post.
1123 1717 1542 1790 Aimericum
1601 1718 1810 1791 credo
1864 1718 2381 1814 compostellam
2434 1719 2705 1790 venisse
2726 1773 2747 1808 ,

622 1841 720 1913 ibi
749 1843 1148 1937 Turpinum,
1205 1843 1274 1912 in
1307 1844 1590 1915 ecclesia
1627 1856 2005 1932 servatum,
2060 1843 2406 1937 librosque
2442 1844 2615 1916 alios
2642 1843 2755 1915 de-

619 1967 998 2060 scripsisse,
1039 1977 1202 2038 tunc
1236 1967 1305 2037 in
1348 1969 1565 2061 patria
1609 1991 1729 2041 eos
1767 1991 1925 2040 cum
1962 1968 2110 2040 aliis
2156 1968 2359 2066 rebus
2402 1970 2755 2041 consuisse

621 2089 1036 2184 (praesertim
1089 2111 1246 2161 cum
1295 2090 1639 2163 miraculis
1677 2091 1897 2162 sancti
1940 2090 2173 2162 Jacobi
2216 2111 2431 2183 prope
2468 2091 2754 2162 Vizelia-

620 2233 774 2284 cum
812 2215 1096 2308 patratis
1123 2223 1188 2285 et
1227 2214 1370 2287 vita
1395 2217 1466 2286 S.
1499 2216 1809 2310 Eutropii
1843 2215 2321 2308 Pictavensis),
2346 2224 2416 2286 et
2444 2216 2751 2288 codicem

618 2337 720 2408 sic
752 2335 1077 2433 scriptum
1108 2340 1628 2433 Compostellam
1671 2362 1907 2412 rursus
1945 2338 2345 2433 portavisse.
2394 2339 2532 2411 Sed
2576 2362 2751 2417 non-,-

617 2464 804 2534 nulla
837 2464 1222 2552 addiderat,
1247 2465 1536 2558 haecque
1580 2465 1935 2559 permagni
1976 2463 2303 2560 ponderis
2348 2492 2365 2534 :
2411 2450 2749 2558 praefatio-

621 2611 776 2660 nem
812 2611 1060 2684 nempe
1075 2590 1163 2660 ad
1188 2590 1539 2661 Miz-acula
1561 2591 1797 2661 sancti
1812 2587 2237 2682 Jacobi‚qua
2259 2591 2571 2662 Callistus
2594 2613 2753 2664 auc-

617 2725 726 2786 tor
765 2715 921 2786 libri
954 2715 1238 2786 dicitur=
1271 2755 1366 2768 --
1395 2736 1645 2786 nomen
1680 2715 1935 2786 Callisti
1959 2715 2031 2784 in
2066 2714 2261 2792 titulo
2295 2715 2751 2808 supplementi

615 2838 898 2912 secundi
940 2837 1558 2932 Pseudo-Turpini,
1604 2837 1690 2910 de
1727 2837 2118 2909 inventione
2153 2838 2457 2931 corporis
2495 2841 2748 2929 sancti3

613 3008 712 3021 --
737 2965 1092 3059 epistolam
1125 2965 1407 3055 Callisti,
1443 2987 1580 3058 qua
1610 2964 1985 3058 Turpinum
2026 2964 2492 3037 authenticum
2520 2964 2750 3038 decla·

612 3097 738 3159 rat.
766 3088 1025 3157 Horum
1048 3086 1354 3157 omnium
1383 3087 1494 3157 ille
1525 3086 1795 3157 videtur
1818 3087 2005 3157 solus
2023 3098 2261 3158 auctor
2279 3090 2743 3181 reputandus.

708 3209 902 3305 Circa
936 3230 1194 3280 annum
1233 3209 1403 3281 MCL
1444 3209 1602 3281 haec
1629 3208 1982 3281 ‘fabricata
2014 3208 2357 3300 arbitror3
2412 3210 2752 3303 Turpinus

610 3354 778 3425 ergo
812 3334 960 3424 jam
1001 3343 1205 3405 notus
1240 3343 1415 3423 erat,
1450 3333 1894 3425 codicesque,
1930 3332 2051 3426 qui
2096 3333 2345 3404 Callisti
2374 3334 2445 3405 in
2474 3337 2752 3431 supple-

607 3468 839 3528 mento
875 3458 1180 3531 secundo
1219 3458 1475 3531 nullam
1509 3458 1931 3531 mentionem
1971 3456 2379 3547 faciunt,„ex
2410 3457 2597 3531 libris
2633 3460 2750 3531 illo

606 3592 918 3677 tempore
951 3582 1408 3655 anterioribus
1435 3583 1975 3677 descripti-sunt.
2006 3578 2277 3655 Certum
2309 3593 2596 3654 estante
2630 3606 2750 3654 an-

607 3728 774 3777 num
809 3706 1133 3779 MCLXVI
1162 3706 1445 3800 Tun-pini
1486 3706 1734 3777 librum
1762 3705 1830 3775 in
1864 3704 2139 3775 abbatia
2164 3702 2747 3801 Sancti-Dionysii

606 3832 984 3923 exstitisse3
1027 3832 1156 3905 boc
1189 3832 1370 3902 enim
1415 3832 1652 3903 scribit
1689 3828 2269 3931 Aquisgranensis
2311 3828 2599 3901 clericus
2628 3833 2749 3923 qui

603 3977 790 4029 anno
818 3956 936 4027 illo
980 3956 1221 4027 Vitam
1265 3952 1507 4025 Cae-oli
1543 3958 1820 4051 Magni,
1855 3952 2140 4044 jubente
2170 3952 2513 4024 Friderico
2551 3954 2576 4022 1
2621 3954 2749 4023 im-

602 4091 914 4175 peratore
951 4078 1080 4174 (3),
1135 4078 1430 4174 scripsit,
1481 4081 1757 4169 tertium
1792 4076 2022 4171 operis
2075 4075 2329 4153 librum
2364 4076 2741 4174 incipiens:

671 4304 748 4367 (1)
783 4300 847 4355 T.
871 4296 1038 4366 xxl,
1063 4310 1120 4365 p.
1147 4299 1275 4351 274.

674 4388 748 4460 (2)
788 4388 929 4443 Eum
959 4383 1147 4457 potius
1173 4385 1399 4442 Picaudi
1429 4383 1828 4443 nominandum
1863 4390 2051 4441 censet
2078 4383 2159 4440 vir
2193 4382 2565 4449 doctissimus.

671 4476 742 4549 (3)
780 4477 862 4533 De
886 4489 994 4548 qua
1023 4471 1146 4528 vide
1165 4476 1424 4565 Histoire
1444 4478 1713 4547 poetique
1740 4473 1815 4530 de
1843 4470 2295 4545 Charlemaqne,
2320 4489 2378 4545 p.
2404 4478 2493 4530 65.
