3700 5700
1470 778 1551 791 ....
1589 747 1667 807 23
1707 776 1788 789 -

582 868 735 947 sum
766 878 1028 972 antiqui
1065 879 1292 973 operis
1345 880 1742 973 prologum,
1797 888 2100 949 attamen
2147 876 2306 947 huic
2346 862 2714 969 praefixuni

585 1000 793 1071 fuisse
821 1012 977 1072 ante
1006 1002 1433 1094 sequentium
1467 1003 1924 1097 capitulorum
1953 1001 2472 1073 fabricationem
2492 1052 2512 1084 ,
2547 998 2719 1067 Tur·
2770 1018 2776 1023 ·

586 1123 885 1217 pinoque
935 1124 1138 1195 libelli
1193 1124 1757 1198 attributionem?
1789 1126 1911 1197 His
1962 1124 2189 1197 verbis
2226 1122 2658 1197 concluditur
2694 1145 2709 1189 :

586 1272 620 1307 α
656 1246 743 1315 Et
792 1267 880 1317 ne
933 1246 1090 1338 quis
1138 1248 1516 1319 ammonitu
1559 1247 2007 1341 suspectionis
2053 1268 2258 1340 super
2302 1246 2432 1317 hoc
2468 1220 2720 1316 dubius

587 1367 945 1459 habeatur,
974 1371 1360 1444 testimonio
1383 1371 1761 1445 auctentice
1778 1370 2134 1445 vetustatis
2161 1369 2446 1459 suffulti,
2480 1390 2720 1461 quem-

588 1489 751 1583 libet
780 1492 1081 1566 fidelium
1113 1496 1391 1569 credere
1427 1520 1785 1570 monemus
1806 1498 1935 1569 hec
1961 1494 2194 1571 omnia
2221 1494 2568 1567 deservire
2595 1515 2723 1590 ve·-

590 1618 793 1690 ritati.
836 1621 1279 1716 Quecumque
1314 1623 1495 1696 enim
1527 1624 1774 1717 pagine
1805 1644 2014 1716 quam
2058 1643 2186 1717 pro
2235 1619 2551 1692 manibus
2595 1619 2720 1691 ha-

586 1743 828 1815 bemus
876 1746 1307 1819 continentur
1348 1748 1637 1839 gremi0,
1688 1749 1777 1820 ab
1830 1746 2318 1840 antiquissimis
2362 1744 2724 1841 hystoricis

588 1867 779 1939 libris
813 1871 1114 1943 Ecclesie
1154 1872 1331 1943 beati
1367 1874 1602 1945 Jacobi
1650 1874 1737 1946 de
1778 1872 2076 1947 Gallecia
2122 1871 2358 1944 habita
2397 1882 2557 1944 sunt
2593 1894 2723 1945 ex-

590 2002 840 2084 tracta3
885 1995 1171 2089 proinde
1210 1997 1369 2069 huic
1402 2000 1731 2093 opusculo
1759 2022 1901 2071 non
1926 2012 2031 2071 est
2067 1998 2240 2070 fides
2263 1988 2675 2094 ⁸deneganda
2698 2053 2719 2088 ,

588 2134 812 2209 quum·
837 2129 1167 2214 eteorum
1196 2107 1501 2195 calamus
1527 2124 1735 2217 hujus
1764 2110 2046 2195 historie
2075 2124 2405 2217 interpres
2432 2122 2718 2212 exstitit,

533 2281 537 2286 -
588 2230 659 2311 in
711 2260 1003 2335 quorum
1060 2244 1369 2338 partibus
1402 2248 1716 2343 ’istarum
1783 2270 2014 2320 rerum
2065 2247 2355 2338 contigit·
2403 2257 2716 2319 eventus.

588 2367 855 2453 Quibus
891 2348 1285 2442 auctoribus
1324 2372 1648 2444 cert-iores
1688 2373 1914 2443 effecti
1953 2360 2333 2467 hystoriam
2369 2371 2727 2463 diligenter

590 2514 1042 2586 exequamur.
1083 2524 1119 2561 2>
1148 2497 1304 2567 Non
1334 2474 1500 2589 erg⁶o
1538 2497 1859 2590 Turpini,
1901 2480 2024 2568 sed
2054 2506 2365 2569 veterum
2395 2473 2760 2591 Compos-⁵

584 2600 889 2690 'tollensis
902 2619 1225 2692 Ecclesiae
1248 2621 1578 2692 librorum
1608 2621 2018 2695 auctoritate
2046 2622 2255 2692 fultus
2285 2617 2553 2715 prologi
2572 2643 2733 2694 auc-

592 2756 698 2813 tor
739 2745 943 2818 fidem
974 2746 1151 2818 libro
1189 2745 1646 2839 adhibendam
1687 2770 1836 2820 esse
1885 2758 2153 2838 censet,
2197 2749 2389 2841 quod
2424 2748 2546 2826 vix
2585 2746 2730 2820 fac·-

593 2853 735 2947 tum
780 2873 991 2944 fuisse
1018 2872 1420 2944 crediderim
1446 2924 1466 2961 ,
1502 2874 1558 2945 si
1594 2875 1948 2968 sequentia
1989 2875 2324 2968 capitula,
2367 2875 2440 2945 in
2477 2875 2728 2969 quibus

588 2999 934 3094 Turpinus
958 3007 1036 3068 ut
1061 3007 1301 3068 auctor
1327 2996 1412 3069 de
1438 3019 1514 3070 se
1538 2998 1835 3092 loquens·
1860 2998 2230 3088 inducitur,
2260 2998 2722 3090 cognovisset.

690 3115 825 3197 Sed
862 3131 930 3195 et
965 3122 1250 3212 vestigia
1288 3121 1604 3216 quaedam
1642 3123 1924 3217 reperiri
1959 3133 2282 3218 possunt,
2333 3122 2401 3192 in
2427 3123 2730 3226 Ecclesia

595 3248 1157 3344 Compostellensi
1199 3247 1551 3340 quondam
1581 3247 1974 3342 opinionem
2018 3248 2324 3340 viguisse
2355 3247 2731 3320 narrationi

595 3383 984 3446 nostrorum
1012 3373 1466 3468 capitulorum
1493 3394 1629 3444 non
1657 3349 2059 3445 dissimilem
2082 3399 2102 3463 ;
2137 3373 2339 3445 docet
2368 3373 2551 3444 enim
2579 3374 2731 3447 Flo-

596 3500 813 3572 rezius
841 3527 876 3564 α
908 3497 1278 3570 Ecclesiam
1308 3473 1926 3594 compostellanam
1953 3520 2175 3591 usque
2212 3498 2283 3568 in
2317 3497 2728 3574 hodiernum

587 3627 777 3698 diem
805 3625 1351 3696 anniversarium
1387 3625 1457 3695 in
1491 3623 1821 3697 honorem
1843 3625 2063 3696 Caroli
2087 3626 2358 3716 Magni,
2387 3626 2500 3698 die
2531 3637 2731 3700 sexto

592 3752 786 3837 Julii,
838 3749 1227 3839 celebrare,
1286 3759 1361 3821 ut
1404 3750 1522 3842 qui
1562 3750 1659 3820 illi
1709 3750 1780 3819 in
1826 3749 2090 3842 magnis
2131 3749 2336 3821 donis
2376 3750 2732 3824 benefece-

598 3876 684 3948 rit
714 3874 845 3972 (1).
886 3903 921 3942 »
951 3875 1169 3960 Quam
1204 3874 1632 3969 opinionem,
1669 3884 1811 3945 uta
1848 3873 2135 3946 veritate
2166 3873 2370 3944 nimis
2405 3875 2725 3968 alienam,

598 4011 911 4073 auctores
944 3999 1265 4068 Histon’ae
1314 3994 1890 4094 Compostellanae
1924 4019 2064 4068 non
2107 3996 2564 4086 admiserunt,
2613 4001 2734 4072 sed

597 4126 781 4196 illam
826 4123 1047 4194 Caroli
1087 4121 1318 4214 Magni
1365 4122 1761 4222 memoriam
1812 4121 2005 4192 aliter
2049 4121 2515 4215 explicarunt,
2574 4146 2733 4196 eum

600 4269 846 4343 nempe
880 4257 1231 4318 narrantes
1267 4267 1308 4318 a
1338 4247 1563 4335 Leone
1589 4267 1769 4341 papa
1795 4231 2307 4352 translationem
2335 4248 2737 4344 episcopalis

642 4485 647 4488 .
672 4511 749 4586 (1)'
780 4515 1035 4591 Espaha
1061 4515 1352 4589 sagrada,
1373 4524 1413 4572 t.
1442 4517 1606 4586 xlx,
1636 4531 1692 4588 p.
1722 4521 1811 4572 68.
