3700 5700
1873 703 1949 715 -.
1988 673 2068 734 66
2108 705 2187 719 ...-

965 805 1425 898 terpolaverit,
1478 803 1848 898 permultas
1887 805 2096 878 urbes
2136 804 2321 878 siluit
2361 825 2533 900 quas
2570 803 2907 900 Tui-pinus
2956 805 3082 876 ha-

963 926 1195 1016 bebat,
1244 950 1454 1022 seque
1497 929 1594 1000 ita
1631 931 1983 1003 excusavit
2021 960 2037 1002 ε

1239 1134 1379 1190 Sunt
1406 1134 1590 1207 plures
1615 1134 1742 1203 alie,
1776 1151 1913 1208 quas
1944 1137 2117 1194 nostri
2141 1137 2327 1210 regula
2357 1137 2523 1194 metri

1247 1224 1375 1279 Non
1410 1223 1610 1295 posuit,
1636 1223 1764 1297 quia
1799 1240 1915 1281 non
1943 1233 2200 1299 poterant
2228 1225 2287 1282 in
2310 1224 2555 1282 carmine
2581 1224 2733 1298 poni.

1059 1407 1288 1479 Multis
1337 1408 1602 1480 mendis
1658 1399 1925 1484 laborat
1964 1410 2243 1504 antiqua
2296 1408 2551 1495 editio,
2603 1429 2893 1500 quorum
2950 1429 3087 1479 non

942 1552 1180 1634 *pauca
1235 1531 1509 1604 admisit
1557 1515 1903 1606 Mer'zdorf
1950 1555 2108 1627 quae
2152 1555 2337 1627 saepe
2381 1532 2573 1605 facile
2625 1552 2918 1625 purgare
2974 1554 3091 1625 po-

961 1653 1236 1742 tuisset3
1276 1656 1404 1727 hos
1448 1667 1710 1728 tantum
1763 1658 2071 1750 quinque
2117 1676 2478 1748 excerpam
2531 1677 2806 1743 vetem,
2841 1655 3097 1746 quibus

961 1775 1287 1848 beneficia
1328 1778 1546 1851 Caroli
1599 1801 1764 1872 ergo
1805 1755 2160 1851 ecclesiam
2202 1777 2417 1850 sancti
2463 1777 2772 1872 Dionysii
2821 1797 3093 1848 narran-

961 1914 1068 1972 tur
1099 1901 1291 1996 (vide
1323 1925 1562 1997 supra,
1605 1927 1676 1998 p.
1717 1905 1840 2000 28)
1888 1932 1907 1974 ε

1237 2109 1477 2166 Ecclesie
1499 2123 1702 2164 numos
1731 2106 1920 2166 offerri
1950 2106 2197 2180 quolibet
2221 2122 2367 2164 anno

1228 2197 1405 2252 Jussit
1433 2205 1490 2253 et
1518 2196 1810 2253 ecclesiam
1839 2189 2159 2260 venerando
2192 2204 2433 2253 scemate
2459 2199 2725 2252 structam

1236 2285 1507 2356 Majorem
1534 2283 1757 2354 faceret,
1784 2285 1887 2340 sub
1919 2285 2012 2342 tali
2036 2283 2351 2340 conditione
2606 2331 2611 2335 ,

1237 2373 1319 2428 Ut
1343 2373 1439 2444 qui
1466 2377 1729 2444 quattuor
1752 2371 1885 2428 huic
1914 2371 2219 2445 gaudenter
2242 2371 2468 2428 reddere
2489 2386 2692 2428 numos

1236 2459 1448 2528 Vellet3
1480 2475 1665 2516 servus
1692 2458 1832 2517 foret
1859 2460 1905 2516 is
1928 2460 2215 2517 libertinus
2238 2469 2401 2517 esset.

1017 2647 1218 2740 *Haeo
1249 2655 1432 2716 certe
1461 2667 1605 2717 non
1642 2646 1921 2738 intelligi
1980 2647 2304 2739 possunt3
2364 2668 2522 2741 quae
2574 2647 2632 2717 si
2680 2668 2836 2719 cum
2886 2666 3088 2739 prosa

959 2770 1489 2864 comparaveris,
1525 2769 1719 2841 fac-ile
1753 2771 1852 2842 sio
1880 2769 2192 2842 restitues
2234 2797 2253 2840 ε

1240 2976 1479 3033 Ecclesie
1507 2992 1709 3033 numos
1737 2975 1931 3033 offerri
1957 2976 2203 3047 quolibet
2225 2992 2371 3033 anno

1241 3066 1274 3119 J
1279 3063 1433 3134 ussit,
1459 3070 1525 3120 ut
1549 3063 1837 3121 eeclesiam
1860 3064 2169 3121 venerando
2197 3073 2438 3121 scemate
2464 3072 2734 3123 structam

1239 3160 1500 3232 Majorem
1524 3159 1750 3229 faceret,
1782 3162 1885 3219 sub
1916 3162 2009 3217 tali
2036 3160 2352 3219 conditione

1239 3250 1323 3303 Ut
1349 3246 1442 3319 qui
1472 3257 1735 3320 quattuor
1761 3248 1889 3306 huic
1918 3250 2218 3321 gaudenter
2245 3244 2474 3308 reddere
2501 3266 2704 3307 numos

1240 3334 1440 3401 Vellet,
1469 3335 1516 3391 si
1544 3350 1734 3391 servus
1760 3334 1924 3406 foret,
1953 3337 2001 3393 is
2024 3336 2311 3395 libertinus
2334 3347 2494 3395 esset.

954 3502 964 3512 ¹
1057 3523 1366 3593 Ceterum
1415 3521 1700 3613 dignum
1760 3522 1894 3593 hoc
1928 3524 2327 3615 opusculum
2364 3522 2667 3596 editione
2706 3542 2846 3593 non
2888 3520 3082 3592 vide-

963 3648 1184 3735 batur,
1234 3646 1348 3716 ubi
1388 3645 1554 3738 quid
1581 3656 1759 3717 esset
1792 3656 2027 3717 notum
2070 3655 2239 3717 erat.

1972 3984 2088 4053 IX.

1061 4270 1324 4343 Nemini
1363 4270 1564 4341 hodie
1616 4270 1885 4363 probari
1940 4280 2159 4363 potest
2218 4270 2365 4341 haec
2406 4269 2753 4361 quondam
2802 4269 3082 4359 vulgata

966 4395 1233 4490 opinio,
1292 4393 1664 4487 Turpinum
1725 4395 1973 4464 fontem
2033 4394 2238 4466 fuisse
2297 4394 2640 4487 epicarum
2696 4392 3081 4465 fabularum
