3700 5700
1481 725 1800 784 ...11—

577 855 1108 950 terpolationem
1165 855 1578 946 cognovisse
1631 880 1834 952 quam
1858 912 1877 945 ,
1956 855 2233 928 duobus
2298 854 2497 926 annis
2554 863 2717 924 ante

575 980 788 1052 verba
825 980 939 1054 illa
973 981 1254 1074 scripta,
1293 980 1684 1073 detexerat,
1721 993 1798 1055 ut
1827 982 2007 1071 dixi,
2032 993 2223 1077 pater
2258 1000 2479 1050 meus,
2513 980 2720 1050 Recte

582 1114 812 1178 tamen
862 1115 930 1176 et
979 1104 1067 1176 de
1115 1125 1382 1177 summa
1435 1106 1660 1202 operis
1695 1106 2002 1199 judicat,
2059 1113 2161 1194 et,
2223 1103 2294 1174 ni
2362 1104 2581 1188 fallor,
2634 1100 2720 1173 de

581 1233 810 1328 priore
851 1231 1160 1323 ejusdem
1199 1241 1418 1327 parte.
1470 1233 1732 1304 Iudicat
1769 1233 1974 1303 etiam
2018 1227 2525 1322 comparandos
2570 1247 2725 1298 esse

583 1357 897 1444 codices,
975 1356 1165 1450 quod
1240 1365 1470 1429 tamen
1523 1357 1668 1451 ipse
1746 1378 1889 1429 non
1946 1355 2147 1442 fecit,
2212 1351 2510 1445 ideoque
2579 1369 2721 1423 non

583 1501 852 1576 semper
893 1502 1106 1575 quam
1141 1480 1429 1575 'optimis
1480 1481 1877 1576 opinionem
1916 1495 2112 1551 suam
2174 1475 2469 1548 munivit
2512 1497 2721 1567 argu·-

582 1607 857 1680 mentis.

677 1734 804 1806 Hae
852 1712 1212 1805 doctorum
1268 1733 1354 1804 de
1401 1732 2005 1827 Pseudo-Turpino
2065 1730 2469 1802 sententiae.v
2516 1728 2727 1800 Ante-
2810 1801 2813 1808 ,

585 1879 794 1952 quam
826 1857 974 1952 ipse
1000 1857 1158 1928 libri
1177 1857 1515 1950 judicium
1555 1857 1942 1951 aggrediar,
1985 1855 2320 1928 editiones
2354 1864 2424 1927 et
2456 1845 2727 1925 codices

585 2004 882 2074 quorum
921 1982 1085 2054 mihi
1125 1983 1326 2076 copia
1361 1983 1492 2064 fuit
1527 1992 1730 2054 notos
1767 1965 2066 2054 faciam}
2621 1994 2625 1998 ·

1614 2409 1697 2480 11.

842 2697 1544 2768 Pseudo-'rumim
1581 2697 1979 2790 editionem
2016 2701 2099 2756 ot
2132 2697 2473 2754 codicem

685 2972 981 3060 Primae,
1021 2984 1100 3055 ut
1130 2976 1276 3065 jam
1321 2972 1513 3061 dixi,
1563 2971 1800 3044 Simon
1843 2970 2212 3043 Schardius
2258 2970 2541 3067 Turpini
2589 2972 2732 3045 his-

590 3096 837 3168 toriam
861 3150 880 3185 ,
936 3097 1116 3169 inter
1179 3126 1213 3163 κ
1258 3098 1820 3170 Germanicarum
1865 3118 2089 3168 rerum
2146 3108 2446 3189 quatuor
2494 3109 2729 3171 vetus-
2818 3184 2823 3188 ,

589 3221 798 3293 tiores
851 3222 1416 3317 chronographos
1461 3255 1527 3311 22,
1592 3222 2038 3313 Francofurti,
2103 3245 2285 3296 anno
2352 3226 2567 3312 1566,
2625 3226 2733 3294 in-

585 3344 758 3429 fblio
806 3347 1048 3420 edidit.
1099 3348 1264 3420 Mox
1333 3351 1688 3421 Reuberus
1746 3350 1814 3419 ih
1880 3349 2261 3421 «Veterum
2325 3350 2733 3443 scriptorum

588 3472 706 3566 qui
760 3472 1100 3543 Caesarum
1166 3482 1233 3543 et
1301 3464 1802 3567 Imperatorum.
1849 3473 2403 3565 germanicorum
2461 3496 2569 3545 res
2616 3496 2737 3569 per

589 3596 854 3690 aliquot
901 3598 1148 3669 saecula
1203 3610 1433 3691 gestas
1487 3598 1726 3671 litteris
1781 3598 2201 3671 mandarunt
2250 3609 2438 3671 tomo
2484 3622 2646 3687 uno,
2693 3628 2727 3667 n

588 3723 1045 3812 Francofurti,
1087 3745 1274 3796 anno
1312 3723 1530 3812 1584,
1571 3722 1870 3815 inffole‘o,
1914 3723 2337 3797 Schardiano
2372 3733 2506 3796 tam
2546 3724 2735 3797 simi-

593 3849 729 3919 lem
789 3859 1064 3921 secutus
1135 3859 1237 3922 est
1311 3849 1623 3921 codicem
1681 3860 1758 3919 ut
1816 3849 2043 3922 ambae
2115 3848 2451 3921 editiones
2506 3871 2735 3921 coram

594 3972 828 4044 critico
879 3995 1008 4067 pro
1059 3995 1198 4045 una
1250 3973 1489 4046 haberi
1529 3973 1816 4068 possint.
1873 3973 2060 4045 Nihil
2104 3974 2311 4045 etiam
2354 3974 2518 4045 novi
2560 3986 2735 4046 attu-

593 4100 818 4167 lerunt
881 4097 1206 4186 IoanniS,
1266 4099 1387 4192 qui
1459 4096 1753 4172 Reuberi
1841 4098 2310 4171 collectionem
2373 4098 2737 4186 Hanaviae‚

594 4242 782 4292 anno
833 4222 1060 4312 1619,
1125 4245 1396 4294 rursum
1455 4223 1863 4318 publicavit,
1939 4224 2083 4295 vel·
2121 4224 2556 4315 Reiffenberg
2619 4223 2738 4317 qui

594 4343 1105 4417 Reuberianum
1152 4355 1414 4418 textum
1465 4347 1554 4441 ad
1601 4349 1859 4421 calcem
1910 4348 2112 4443 primi
2170 4347 2543 4419 voluminis
2592 4368 2741 4420 suae

596 4472 888 4569 Philippi
954 4476 1271 4549 Mousket
1323 4474 1640 4546 editionis
1709 4474 1933 4547 affixit
1955 4529 1974 4547 .
2048 4473 2247 4547 Dedit
2310 4484 2547 4547 tamen
2626 4473 2739 4544 ille
