3700 5700
1877 733 1959 748 ...
1996 702 2077 762 30
2114 722 2195 748 .·-

969 829 1289 924 episcopo
1329 831 1511 903 beati
1545 833 1787 905 Jacobi
1823 835 2206 908 obedirent.
2242 863 2277 900 n
2324 833 2530 905 Aliud
2572 843 2877 923 tempuS,
2930 824 3100 896 alios

968 975 1196 1026 mores
1234 957 1668 1048 agnoscimus
1715 986 1732 1030 ι
1775 961 2070 1056 superba
2116 981 2207 1032 ex
2249 956 2488 1029 humili
2528 956 2704 1026 facta
2762 959 2866 1022 est
2902 948 3100 1020 basi·

968 1078 1120 1151 lica.
1161 1081 1303 1152 Nec
1335 1082 1498 1154 satis
1543 1109 1560 1153 ε
1603 1113 1636 1148 κ
1665 1084 2069 1178 subjugavit
2107 1105 2231 1156 rex
2264 1082 2488 1156 eidem
2527 1076 2851 1151 Ecclesiae
2886 1083 3101 1146 totam

971 1213 1218 1276 terram
1243 1204 1665 1301 hispanicam
1697 1213 1774 1282 et'
1795 1210 2256 1302 galletianam,
2287 1207 2611 1301 deditque
2644 1204 2709 1278 ei
2735 1203 2809 1274 in
2834 1201 3121 1286 dotem3·

971 1329 1377 1423 praecipiens
1411 1342 1486 1403 ut
1514 1333 1991 1427 unusquisque
2024 1353 2377 1429 possessor
2404 1317 2945 1420 uniuscujusque
2980 1323 3105 1396 do·

969 1479 1125 1529 mus
1174 1458 1379 1530 totius
1420 1458 1768 1554 Hispaniae
1821 1470 1890 1532 et
1924 1459 2227 1532 Galletiae
2270 1467 2569 1552 quatuor
2611 1473 2930 1526 nummos
2986 1471 3109 1521 an-

970 1581 1233 1653 nuatim
1272 1603 1364 1654 ex
1397 1582 1632 1655 debito
1667 1583 1883 1673 daret,
1925 1593 1993 1656 et
2028 1585 2148 1678 qui
2188 1581 2399 1656 dabat
2424 1581 2515 1653 ab
2541 1579 2728 1654 omni
2756 1576 3101 1663 servitute,

970 1726 1134 1796 rege
1175 1706 1655 1803 praecipiente,
1699 1709 1871 1780 liber
1902 1719 2071 1780 erat.
2108 1738 2144 1775 ιι
2199 1708 2327 1780 Hic
2368 1705 2709 1778 habemus
2754 1700 3108 1797 exemplar

971 1829 1162 1924 quod
1211 1831 1423 1904 secuti
1481 1842 1643 1906 sunt
1699 1832 2019 1907 monachi
2078 1833 2296 1906 sancti
2349 1829 2659 1927 Dionysii
2723 1829 2794 1900 in
2846 1826 3107 1921 pagina

835 2022 840 2028 .
971 1974 1180 2048 supra
1207 1955 1507 2030 laudata.
1556 1958 1796 2032 Fusius
1840 1970 2003 2032 tunc
2044 1958 2330 2055 scriptor
2365 1956 2835 2028 demonstrare
2863 1958 3106 2048 tentat,

971 2077 1345 2153 Ecclesiam
1389 2081 2035 2178 Compostellensem
2073 2086 2451 2156 Romanam
2497 2089 2757 2152 tantum
2798 2074 3111 2172 superio·

970 2221 1115 2273 rem
1133 2256 1152 2292 ,
1196 2203 1641 2298 Ephesiacam
1669 2209 2007 2302 aequalem
2044 2207 2300 2280 habere
2321 2258 2341 2295 ,
2407 2206 2679 2299 hocque
2708 2200 3113 2293 theologicis

977 2330 1400 2419 argumentis
1445 2332 1652 2404 fulcit.
1703 2332 1880 2404 Illud
1934 2343 2162 2405 tamen
2200 2342 2361 2404 nota
2413 2331 2693 2424 dignum
2751 2355 2769 2399 z
2828 2356 2863 2392 α
2908 2324 3112 2421 Apud

975 2450 1174 2523 Iriam
1211 2455 1575 2548 praesulem
1620 2457 1900 2529 minime
1944 2458 2262 2549 instituit,
2312 2456 2502 2551 quod
2538 2457 2720 2527 illam
2768 2473 2893 2547 pro
2942 2451 3118 2525 urbe.

975 2598 1118 2649 non
1149 2581 1528 2672 reputavit,
1572 2582 1696 2654 sed
1726 2583 1963 2654 villam
2010 2583 2385 2674 subjectam
2432 2581 2581 2654 sedi
2622 2577 3113 2674 Compostella-

975 2705 1170 2776 nensi
1200 2727 1348 2779 esse
1376 2709 1776 2806 praecepit.»
1812 2711 1998 2803 Ergo
2027 2710 2206 2782 inter
2234 2710 2436 2780 Iriam
2463 2719 2532 2781 et
2557 2705 3106 2801 Compostellam,

975 2853 1188 2925 quum
1240 2833 1352 2906 ille
1387 2835 1756 2924 scriberet,
1790 2837 1941 2931 jam.
1966 2847 2284 2933 eruperat
2317 2833 2719 2925 ·discordia;
2746 2831 2912 2915 ,sibi
2960 2829 3112 2903 vin·

975 2953 1248 3029 dicabat
1285 2958 1414 3030 Iria
1453 2959 1725 3031 titulum
1764 2961 2257 3057 episcopalem3
2311 2969 2381 3031 at
2406 2957 2858 3053 Compostella
2895 2952 3115 3049 archoi-

977 3079 1444 3175 episcopatum
1483 3084 1877 3157 affectabat.
1925 3086 2090 3157 Haec
2130 3085 2259 3156 sub
2290 3083 2553 3156 Didaco
2590 3063 2953 3169 Gelmirei,
2996 3077 3115 3171 qui

979 3226 1164 3277 anno
1190 3205 1311 3279 MC
1336 3208 1664 3281 Ecclesiae
1699 3208 1916 3280 sancti
1940 3209 2188 3281 Jacobi·
2204 3228 2502 3303 praeesse
2541 3208 2833 3303 incepit,
2890 3224 3116 3276 versa-

979 3329 1228 3400 bantur
1244 3354 1269 3419 3⁴
1309 3330 1467 3425 quis
1503 3331 1754 3405 talibus
1789 3332 2277 3405 certaminibus
2305 3333 2459 3406 finis
2490 3334 2719 3423 fuerit,
2752 3341 2991 3427 postea
3019 3327 3120 3400 vi-

980 3449 1320 3523 debimus.

1075 3556 1302 3649 Unum
1340 3578 1678 3651 hactenus
1712 3590 1980 3652 constat
2016 3608 2033 3652 x
2074 3582 2265 3653 illum
2306 3594 2688 3668 auctorem,
2722 3604 2925 3677 quem
2960 3581 3123 3653 Gal-

980 3703 1119 3789 lum
1147 3715 1213 3776 et
1249 3705 1570 3777 clericum
1605 3706 1814 3779 fuisse
1850 3698 2190 3799 vidinius,
2233 3710 2411 3783 circa
2464 3710 2862 3792 anuumMC
2900 3706 3117 3804 scrip-

981 3828 1176 3917 sisse,
1215 3841 1282 3902 et
1310 3852 1546 3903 amore
1582 3811 1921 3923 singulari·
1956 3833 2026 3904 in
2066 3834 2445 3907 Ecclesiam·
2471 3835 3117 3930 Compostellensem

981 3953 1406 4046 flagravisse,
1463 3956 1652 4049 quod
1697 3956 1947 4028 mirum
1994 3958 2274 4052 quidem
2316 3959 2616 4047 videtur,
2668 3958 3116 4031 certissimum

869 4064 874 4069 ’
982 4088 1207 4153 tamen
1255 4080 1792 4153 demonstratur.
1852 4081 1991 4153 Sed
2040 4082 2325 4177 propius
2369 4081 2809 4177 introspicere
2872 4104 3118 4178 possu-

982 4225 1160 4275 mus.
2908 4281 2913 4287 ,

1079 4326 1354 4400 'Adsunt
1407 4329 1591 4414 enim
1631 4330 1822 4402 varia
1877 4315 2390 4424 supplementa,
2455 4354 2616 4428 quae
2686 4354 2927 4406 omnes
2980 4334 3122 4405 fere

983 4448 1254 4523 codices
1293 4453 1627 4545 afferunt,
1681 4462 1752 4526 et
1790 4455 1861 4525 in
1912 4454 2166 4548 quibus
2198 4457 2480 4552 ,Tur-pini
2524 4482 2713 4531 mors
2762 4469 3123 4552 ceteraque
