3700 5700
1482 734 1564 751 -
1600 708 1673 767 31
1718 734 1801 753 ..-

575 832 963 893 narrantur.
1010 828 1443 925 ln'secundo
1495 838 1970 931 supplemento
2009 834 2112 931 (1)
2157 842 2480 909 narratur
2507 830 2701 909 ‚beati

573 938 851 1036 Turpini
879 970 1125 1045 corpus
1159 982 1192 1017 α
1218 956 1418 1045 juxta
1444 958 1803 1050 Viennam,
1832 963 2010 1034 ultra
2026 961 2388 1033 Rodanum
2417 958 2702 1049 scilicet,

573 1086 813 1139 versus
868 1071 1246 1170 Orientem,
1323 1082 1393 1152 in
1449 1084 1748 1178 quadam
1804 1086 2098 1172 ecclesia⁴
2149 1085 2307 1181 olim
2343 1065 2699 1177 'sepultum

574 1187 805 1263 fuisse.
830 1222 865 1258 ι)
936 1196 1182 1293 Sicque
1236 1208 1671 1300 prosequitur
1714 1220 2026 1281 narrator
2062 1236 2076 1278 ε
2116 1238 2150 1273 κ
2177 1208 2385 1298 Cujus
2419 1205 2706 1278 sanctis·
2803 1261 2822 1277 .

574 1315 820 1413 simum
875 1341 1123 1416 corpus
1183 1330 1431 1400 nostris
1487 1334 1910 1426 temporibus
1973 1332 2254 1427 quidam
2312 1352 2402 1402 ex
2461 1330 2707 1401 nostris

500 1452 505 1455 ’
575 1440 835 1519 clericis
870 1448 1175 1536 quodam
1214 1458 1569 1547 sarcofago
1613 1458 1910 1551 optimc,
1955 1456 2457 1553 episcopalibus
2494 1455 2706 1526 vesti-2

572 1566 705 1637 bus
745 1568 1061 1645 indutum
1086 1630 1105 1666 ,
1160 1579 1333 1671 pelle
1384 1584 1659 1676 propria
1698 1593 1765 1657 et
1802 1585 2072 1656 ossibus
2107 1584 2333 1656 adhuc
2366 1582 2706 1673 integrum

574 1694 1017 1787 invenerunt,
1065 1713 1133 1775 et
1168 1706 1256 1776 ab
1305 1707 1414 1777 illa
1452 1709 1763 1798 ecclesia,
1801 1732 1961 1803 quae
2001 1719 2264 1782 vastata
2301 1718 2473 1795 erat,
2512 1708 2710 1780 detu-

574 1818 798 1890 lerunt
833 1820 1001 1895 illud
1022 1826 1189 1899 citra
1207 1830 1564 1902 Rodanum
1598 1832 1669 1903 in
1694 1834 1972 1921 urbem,
2011 1843 2081 1906 et
2107 1817 2520 1928 sepelierunt
2547 1853 2706 1903 eum

574 1942 647 2014 in
670 1946 954 2017 ecclesia
978 1949 1110 2021 alia
1136 1952 1258 2022 ubi
1286 1977 1469 2027 nunc
1497 1972 1889 2029 veneratur.
1927 1986 1960 2025 υ
1997 1958 2146 2029 Fuit
2171 1978 2335 2047 ergo
2359 1957 2710 2029 Viennen-

576 2072 672 2144 sis
702 2076 937 2144 'auctor
962 2073 1171 2166 hujus
1200 2078 1501 2173 capituli,
1539 2092 1616 2152 ut
1643 2083 2010 2154 ostendunt
2045 2083 2198 2155 haec
2217 2080 2454 2167 verba,
2499 2110 2534 2145 α
2559 2082 2710 2174 qui-

576 2196 735 2269 dam
779 2219 871 2269 ex
918 2200 1171 2284 nostris
1219 2202 1510 2274 clericis,
1559 2234 1593 2268 υ
1631 2204 1763 2276 Sed
1803 2228 1959 2277 eum
1998 2226 2276 2299 quoque
2315 2203 2712 2298 posterioris

576 2316 1179 2417 Pseudo-Turpi'ni
1212 2308 1415 2419 partis
1455 2338 1804 2400 auctorem
1843 2350 1994 2400 esse
2025 2329 2172 2400 sine
2227 2348 2480 2417 magna
2512 2328 2714 2400 dubi-

577 2448 833 2521 tatione
862 2450 1225 2522 admittere
1271 2473 1659 2545 possumus.
1707 2456 1785 2524 In
1830 2455 1944 2527 illa
1981 2455 2163 2526 enim
2199 2463 2514 2525 narratur
2547 2456 2714 2525 Tur·

576 2576 811 2670 pinum
844 2577 1188 2650 Viennam
1230 2580 1648 2673 perrexisse,
1690 2608 1723 2644 α
1763 2590 1831 2652 et
1872 2582 1966 2652 ibi
1993 2582 2354 2653 vulnerum
2385 2581 2717 2653 cicatrici·

576 2682 709 2772 bus
754 2702 1292 2795 verberibusque
1347 2713 1415 2774 et
1468 2705 2022 2799 percussionibus
2077 2706 2444 2799 multisque
2501 2705 2716 2801 alapis

578 2848 751 2920 quas
824 2824 893 2898 in
967 2826 1295 2921 Hispania
1376 2828 1699 2900 retulerat
1762 2830 2234 2922 angustiatum
2307 2832 2717 2903 remansisse
2799 2818 2816 2908 s

464 2983 471 2990 ·
574 2952 685 3047 (c.
734 2951 1000 3047 XXX).
1034 2981 1071 3016 ³>
1134 2953 1359 3036 Quare
1399 2953 1741 3047 Turpinus
1790 2955 2148 3036 Viennam
2200 2956 2468 3044 veniat,
2525 2953 2714 3028 nullo

577 3076 787 3148 modo
812 3076 1220 3159 declaratur,
1254 3076 1519 3170 hocque
1552 3085 1620 3148 et
1648 3099 1833 3150 verae
1855 3077 2160 3150 historiae
2187 3091 2251 3150 et
2279 3079 2474 3174 poesi
2501 3079 2713 3173 epicae

576 3199 1023 3272 contrarium.
1062 3200 1317 3271 Fabula
1354 3199 1481 3270 ista
1513 3201 1769 3270 nullam
1807 3222 1972 3293 ergo
2005 3211 2229 3296 potest
2263 3202 2517 3274 habere
2543 3223 2697 3274 cau-

578 3347 749 3413 sam,
799 3325 928 3396 nisi
961 3323 1051 3395 ad
1082 3324 1629 3418 supplementum
1665 3322 1836 3396 illud
1877 3335 2157 3418 spectet,
2209 3325 2409 3419 eique
2450 3348 2715 3420 praepa·

577 3450 751 3521 ratio
771 3449 911 3520 fiat.
932 3449 1263 3520 Eumdem
1288 3447 1495 3539 igilur
1520 3458 1864 3519 auctorem
1890 3448 2144 3520 habent
2164 3449 2713 3543 supplementum

576 3574 638 3646 Π
659 3583 725 3645 et
742 3572 1117 3666 capitulum
1140 3572 1361 3642 XXXI
1383 3572 1491 3642 vel
1514 3571 1743 3665 potius
1770 3571 2069 3667 capitular
2087 3571 2533 3645 VI——XXXII
2555 3596 2713 3645 cum

580 3699 893 3795 prologo;
947 3697 1007 3766 is
1052 3682 1292 3767 auctor
1330 3695 1615 3767 clericus
1668 3706 1813 3768 erat
1870 3695 2268 3768 Viennensis
2289 3747 2310 3786 ‚
2369 3697 2550 3768 circa
2593 3697 2714 3768 MC

577 3821 940 3909 scribebat,
967 3834 1034 3893 et
1060 3821 1288 3893 Sancti
1312 3820 1543 3894 Jacobi
1575 3820 1929 3893 ecclesiam
1959 3823 2237 3894 amabat
2259 3821 2716 3915 laudibusque

578 3948 905 4020 extollere
940 3944 1279 4017 studebat.
2689 3957 2700 3964 “

520 4160 525 4168 ,
671 4075 1071 4166 Congruunt
1107 4071 1316 4162 igitur
1349 4092 1510 4165 quae
1541 4071 1794 4144 indicia
1838 4093 1922 4142 ex
1961 4081 2280 4143 accurate
2305 4070 2716 4164 investigato

574 4200 748 4271 libro
793 4197 1039 4269 elicere
1081 4195 1432 4291 potuimus
1466 4217 1625 4267 cum
1661 4195 1772 4267 illa
1827 4196 2070 4268 notitia
2113 4195 2452 4270 Guidonis
2479 4196 2714 4271 Allard

648 4475 727 4544 (1)
763 4473 847 4528 De
878 4468 966 4526 his
992 4465 1389 4546 supplementis
1416 4464 1582 4523 infra.
