3700 5700
1422 706 1497 720 —
1537 676 1615 735 49
1660 708 1727 716 -
1779 675 1787 685 ’

502 797 625 867 ala
648 798 799 868 s’en
832 800 880 870 ὰ
911 806 973 871 E
974 800 1323 897 lleposelle
1356 807 1419 898 (l
1436 807 1490 899 ),
1515 806 1645 903 q‘uz'
1664 806 1808 877 lor-s
1828 806 2044 875 estoit
2061 804 2108 874 ὰ
2126 788 2506 876 Sarrazim·
2523 828 2564 873 e
2585 803 2634 871 ὰ

502 944 619 990 ses
651 921 1232 1014 comandamenz,
1268 942 1341 997 et
1371 927 1552 999 iloec
1585 933 1891 998 s’aresta
1921 927 2010 997 ob
2036 953 2151 999 ses
2171 952 2375 1026 gem.
2418 931 2478 997 E
2499 922 2634 995 d'i-

504 1043 652 1115 loeo
693 1046 959 1117 manda
995 1047 1044 1117 ὰ
1098 1054 1161 1119 K
1165 1050 1316 1121 arle
1359 1055 1489 1149 qui
1526 1064 1699 1121 estet
1744 1052 1792 1120 ὰ
1835 1058 2073 1149 Agem
2117 1048 2430 1122 batallie.
2481 1052 2641 1121 Mes

501 1168 750 1256 ang-0125
768 1194 901 1267 que
929 1176 999 1241 K
1003 1171 1191 1242 arles
1216 1198 1294 1242 se
1320 1172 1681 1272 pantl’std'
1690 1181 1951 1273 Agent,
1969 1174 2039 1243 si
2061 1172 2147 1243 ln'
2151 1174 2304 1266 fist
2322 1194 2634 1270 evesque,

502 1315 544 1362 e
594 1290 981 1365 chanoines
1016 1296 1064 1365 ὰ
1113 1299 1681 1396 Salat-Capraria
1716 1294 1976 1369 Adone
2020 1298 2365 1396 conque'st·
2383 1300 2452 1366 K
2453 1293 2642 1366 arles

508 1430 611 1487 tot
637 1418 965 1512 Agenetlr,
994 1445 1034 1487 e
1050 1422 1221 1516 puis
1252 1446 1331 1492 se
1356 1423 1561 1517 parti
1580 1420 1821 1521 d'equi
1844 1427 1917 1492 K
1917 1420 2106 1491 arles
2138 1445 2179 1489 e
2208 1422 2376 1490 vinc
2405 1415 2559 1488 s'en
2590 1416 2640 1485 ὰ

506 1525 1041 1629 δαίηι-Μσίίοὶι,
1086 1565 1129 1612 e
1160 1542 1304 1631 fist
1341 1542 1520 1613 iloec
1562 1540 1836 1638 l’abel’e'.
1881 1546 1948 1612 E
1986 1543 2157 1638 ριιὶε
2195 1539 2350 1611 s'en
2389 1541 2562 1610 vinc
2593 1538 2641 1608 ὰ

515 1661 831 1730 Cim-tres
869 1687 999 1732 sur
1026 1664 1096 1733 la
1136 1670 1401 1755 Droue,
1440 1692 1481 1737 e
1507 1668 1615 1758 fit
1650 1665 1827 1736 t'loec
1867 1665 2140 1738 l’abet'e.
2199 1670 2264 1737 E
2301 1664 2516 1762 apres
2551 1678 2652 1735 tot

506 1780 696 1878 droit
725 1782 877 1856 s'en
914 1788 1089 1857 vinc
1122 1789 1170 1857 ὰ
1216 1788 1627 1861 Talle‘eborc.
1664 1788 1864 1884 (Cod.
1907 1792 2078 1877 124,
2115 1790 2233 1861 fol.
2282 1792 2354 1877 2,
2392 1793 2464 1861 v⁰
2497 1789 2658 1875 13-

511 1909 555 1977 3
597 1914 656 1978 r⁰
683 1907 797 2003 A).
841 1940 877 1975 ι
921 1911 1035 1983 Sic
1064 1912 1183 1983 diu
1223 1913 1505 1989 ulterius
1543 1912 1998 2009 prosequitur.
2237 1938 2248 1945 ·
2429 1908 2434 1911 ’

609 2034 1063 2128 lnterpolator
1095 2037 1583 2110 sanctonensis
1612 2049 1758 2109 erat
1790 2061 1808 2107 ε
1842 2035 1978 2108 hoc
2009 2034 2205 2105 illum
2233 2032 2466 2127 arguit
2500 2034 2645 2127 pri·

508 2178 625 2229 mo
670 2158 935 2250 lingua,
979 2181 1187 2251 quam
1234 2161 1594 2252 diligenter
1636 2162 2017 2255 inspectam
2047 2169 2128 2229 ut
2163 2156 2647 2229 Sanctonicam

510 2280 873 2373 designare
916 2282 1289 2355 certissime
1326 2304 1727 2378 possumne,
1776 2281 2029 2353 deinde
2073 2281 2224 2375 ipsa
2270 2278 2648 2373 interpola·-

417 2380 425 2389 ’
510 2405 624 2477 tio.
667 2408 833 2478 Haec
863 2406 1044 2478 enim
1081 2409 1293 2482 ferme
1334 2408 1504 2479 nihil
1545 2407 1730 2479 aliud
1770 2416 1981 2501 atque
2019 2402 2450 2477 Sanctonicae
2492 2422 2651 2496 pro-

512 2532 763 2605 vinciae
807 2533 1366 2628 descriptionem,
1422 2536 1530 2606 vel
1579 2534 1808 2629 potius
1860 2531 2042 2603 illius
2093 2527 2406 2616 urbium,
2467 2527 2655 2601 vico-

510 2678 691 2747 rum,
739 2658 1311 2731 monasteriorum
1351 2650 1938 2731 enumerationem
1979 2655 2310 2727 continet.
2365 2654 2654 2727 Praeser-

514 2778 635 2852 tim
698 2789 1060 2853 narrantur
1122 2800 1411 2877 corpora
1471 2791 1703 2855 sancta
1765 2782 1834 2856 in
1896 2779 2238 2876 plerisque
2307 2776 2475 2849 locis
2537 2788 2657 2848 aut

507 2905 807 2996 jacentia
844 2929 883 2978 a
924 2909 1229 3002 Turpino
1266 2909 1546 2981 inventa
1568 2910 1805 2994 fuisse,
1832 2917 2011 2979 auta
2033 2903 2648 2999 Carolodeposita3

515 3035 959 3129 ecclesiaeque
988 3045 1057 3108 et
1091 3038 1371 3132 capellae
1400 3051 1467 3110 et
1503 3037 1805 3110 abbatiae
1834 3045 2268 3108 constructae.
2300 3034 2414 3105 Sic
2442 3033 2656 3105 utitur

514 3157 963 3253 interpolator
1031 3160 1192 3254 fuga
1242 3161 1609 3254 Aigolandi
1639 3211 1659 3248 ‚
1725 3181 1936 3253 quam
1996 3143 2338 3253 Turpinus
2392 3167 2656 3228 tantum

517 3283 872 3379 exprimit,
910 3295 989 3355 ut
1024 3307 1182 3356 eum
1226 3309 1343 3380 per
1381 3282 2092 3358 omnes⁶Sanctonicoe
2138 3280 2520 3377 provinciae
2554 3282 2656 3354 lo·-

518 3425 660 3497 cOS‚
696 3417 763 3478 et
790 3430 1007 3501 usque
1036 3410 1123 3480 ad
1144 3410 1435 3482 insulam
1458 3411 1948 3482 Oleronensem
1978 3406 2192 3480 ivisse
2220 3404 2460 3497 fingat,
2488 3416 2556 3479 et
2585 3408 2656 3478 in

518 3533 989 3626 compluribus
1028 3536 1197 3607 locis
1234 3559 1512 3608 manum
1551 3536 2000 3608 cum‘Karolo
2047 3533 2501 3606 conseruisse.
2546 3535 2660 3605 Vi·

519 3657 831 3730 sitavisse
878 3661 1079 3732 etiam
1132 3661 1446 3734 Carolum
1490 3663 1879 3757 complures
1921 3662 2112 3733 locos
2167 3669 2419 3732 narrat.
2475 3659 2656 3744 Quin

520 3784 753 3875 etiam,
808 3785 1115 3859 inaudito
1155 3789 1389 3877 modo,
1432 3801 1500 3861 et
1552 3779 1898 3861 intellectu
1944 3784 2382 3874 difficillimo,
2425 3785 2659 3881 diplo-

521 3917 783 3980 matum
818 3909 929 3980 vel
970 3921 1449 3986 contractuum
1499 3911 1708 3984 inseri
1752 3911 2078 3983 videntur
2123 3911 2529 4001 fragmenta.
2570 3913 2662 3979 At

521 4036 734 4106 multa
783 4034 916 4106 alia
964 4037 1357 4110 omnimoda
1400 4037 1562 4109 huic
1609 4035 1937 4129 farragini
1982 4035 2417 4106 inseruntur:
2461 4029 2664 4104 mira-

524 4160 679 4231 cula
722 4154 1250 4258 (nonnullaque,
1299 4172 1376 4234 ut
1423 4163 1567 4256 jam
1614 4161 1937 4247 vidimus
1989 4157 2440 4252 stultissima);
2489 4177 2656 4251 poe·

556 4427 564 4434 ·
597 4416 673 4481 (1)
710 4410 1209 4481 SicMediolanum
1233 4416 1575 4474 sanctonum
1607 4415 1886 4490 (Saintes)
1917 4422 2074 4473 vocat
2099 4422 2308 4472 noster.

2360 4529 2390 4576 ⁴

3639 352 3646 359 ι

3675 600 3677 618 -
3672 496 3675 555 -ῌ-
3671 443 3675 485 ...-
3671 420 3673 423 Α
3665 12 3674 401 -—.—-—-—--—-—
