3700 5700
1467 790 1548 805 .-
1588 761 1665 819 35
1708 791 1788 802 ...-

574 896 631 967 si
662 898 803 986 jam
852 894 1264 983 exstitisset3
1324 903 1624 964 ceterum
1667 890 1769 960 ad
1807 888 2709 992 impetrandam-Compos-

573 1018 755 1090 tellae
810 1018 1007 1088 illam
1068 1015 1479 1115 dignitatem
1552 1016 1876 1110 scriptum
1942 1015 2239 1087 videtur.
2299 1014 2466 1084 Tum
2489 1068 2512 1101 ,
2559 1021 2711 1107 post

572 1144 977 1215 electionem
1034 1141 1282 1213 Callisti
1322 1144 1381 1212 Il
1410 1193 1429 1229 ‚
1468 1140 1602 1212 alio
1634 1140 1971 1212 Viennam
2019 1149 2296 1210 tenente
2342 1122 2700 1231 episcopo,

488 1266 491 1269 ’
532 1268 948 1357 'monachus
996 1266 1228 1337 Sancti
1285 1265 1587 1338 Andreae
1626 1286 1769 1337 non
1798 1264 1944 1355 jam
1985 1264 2259 1335 easdem
2310 1283 2552 1334 causas
2589 1261 2710 1333 ha-

570 1392 780 1464 bebat
820 1392 1348 1485 Compostellam
1389 1388 1908 1482 magnificandi3
1967 1387 2306 1482 denique,
2355 1388 2411 1459 si
2448 1386 2710 1459 dicere-

572 1526 683 1587 tur
713 1536 871 1586 eum
909 1538 1179 1588 summo
1217 1494 1529 1588 Pontifici
1574 1517 1843 1609 placere
1897 1515 2219 1603 voluisse,
2269 1512 2713 1607 respondere-

570 1660 724 1711 mus
774 1636 1043 1712 Callisto
1088 1642 1363 1712 minime
1414 1642 1682 1736 placere
1720 1639 2067 1728 debuisse,
2124 1649 2488 1735 postquam
2533 1659 2712 1733 papa

570 1766 790 1837 factus
827 1766 986 1853 fuit,
1029 1788 1188 1860 quae
1221 1787 1429 1862 supra
1466 1787 1555 1838 ex
1586 1766 1887 1861 capitulo
1923 1788 2006 1835 xx
2040 1767 2417 1837 retulimus.

676 1890 960 1963 Viennae
998 1913 1188 1984 ergo,
1234 1892 1411 1963 intra
1453 1913 1671 1964 annos
1718 1892 1936 1964 MCIX
1984 1901 2051 1964 et
2079 1870 2360 1964 MCXIX
2389 1912 2430 1962 a
2473 1912 2716 1969 ,mona-

580 2016 711 2089 cho
740 2018 811 2088 S.
850 2018 1142 2091 Andreae
1172 2018 1554 2111 conscripta
1590 2018 1709 2089 fuit
1740 2017 2326 2112 Pseudo-Turpini
2363 2038 2522 2112 pars
2552 2036 2714 2110 pos-

582 2141 813 2213 terior.
857 2143 1045 2214 Hanc
1067 2165 1107 2213 a
1147 2142 1373 2237 priore
1410 2144 1554 2233 Jam
1589 2143 1725 2214 hoc
1759 2143 2040 2215 differre
2073 2141 2380 2215 diximus
2417 2141 2610 2234 quod
2650 2148 2718 2211 et

571 2282 926 2363 gestorum
961 2265 1359 2337 cantilenas
1390 2266 1739 2355 admittat,
1782 2276 1850 2339 et
1894 2249 2298 2362 plerumque
2327 2266 2718 2339 delectatio·

580 2412 738 2462 nem
776 2392 1252 2463 tantummodo
1289 2391 1577 2485 legentis
1625 2400 1905 2486 spectet.
1955 2392 2236 2486 Scripsit
2272 2401 2510 2463 auctor
2529 2412 2719 2485 μεθ’·

581 2518 810 2587 sertim
844 2517 1017 2587 alios
1051 2538 1267 2610 seque
1305 2516 1526 2611 ipsum
1560 2517 1850 2607 juvandi
1880 2530 2122 2603 causa,
2171 2527 2242 2589 et
2271 2516 2341 2586 in
2374 2516 2458 2587 iis
2493 2516 2716 2588 solum

580 2628 759 2733 quae‘
780 2642 870 2713 ad
902 2641 1417 2745 Compostellam
1463 2652 1769 2735 spectant
1804 2642 2262 2713 narrationem
2305 2640 2460 2741 aliis
2491 2640 2718 2713 consi-

582 2764 685 2835 liis
714 2764 1058 2839 deservire
1095 2766 1353 2859 voluit,
1399 2776 1693 2862 excepto
1724 2766 1916 2861 quod
1944 2767 2079 2839 hoc
2113 2788 2404 2862 semper,
2443 2777 2520 2839 ut
2565 2789 2717 2840 mo-

582 2891 879 2962 nachum
914 2889 1235 2984 decebat,
1280 2893 1525 2965 suadet
1548 2903 1615 2965 et
1645 2893 1957 2982 intimat,
1999 2893 2318 2965 ecclesias
2354 2904 2715 2966 exstruen-

582 3014 710 3088 das
742 3026 809 3088 et
846 3017 1048 3090 donis
1083 3019 1432 3113 permultis
1465 3019 1916 3123 cumulandas
1963 3038 2152 3108 esse,
2205 3017 2442 3111 sicque
2481 3018 2715 3090 certis·

550 3151 553 3153 “
583 3139 755 3212 sime
790 3141 879 3213 ad
919 3133 1168 3214 coelum
1205 3153 1388 3215 recta
1417 3164 1702 3238 pergere
1740 3143 1854 3215 via
1889 3144 2008 3237 qui
2036 3146 2149 3216 vel
2187 3143 2476 3238 plurima
2505 3145 2722 3217 admi-

584 3262 779 3333 sisset
818 3272 1093 3357 peccata
1139 3291 1157 3334 ε
1202 3273 1417 3357 utque
1469 3273 1608 3335 tam
1646 3263 2010 3359 pulchrum
2065 3272 2487 3358 praeceptum
2525 3263 2716 3338 cordi

583 3387 783 3457 altius
821 3386 1167 3480 infigatur,
1220 3387 1479 3460 ultimis
1529 3388 1938 3482 exprimitur
1978 3388 2249 3478 verbis,
2301 3391 2478 3460 sicut
2509 3389 2584 3460 in
2625 3389 2723 3461 fa-

580 3511 763 3582 bulis
802 3513 1137 3608 AEsopicis
1174 3520 1207 3582 ὀ
1238 3515 1415 3608 μῦθος
1452 3507 1636 3590 δηλοῖ
1668 3517 1768 3582 ὅτι
1801 3540 1818 3584 z
1869 3540 1904 3578 c<
1944 3515 2022 3584 In
2060 3512 2196 3585 hoc
2245 3515 2563 3609 exemplo
2601 3513 2723 3588 da-

584 3645 696 3706 tur
733 3636 1021 3730 intelligi
1060 3638 1250 3730 quod
1286 3639 1407 3730 qui
1438 3638 1793 3709 ecclesiam
1818 3635 2118 3726 aedificat
2151 3639 2410 3730 regiam
2440 3639 2565 3710 Dei
2587 3639 2721 3711 sibi

585 3773 966 3858 praeparat,
1012 3783 1053 3834 a
1087 3763 1541 3854 daemonibuS,
1576 3773 1657 3835 ut
1692 3763 2001 3850 CaroluS,
2043 3764 2351 3857 eripitur,
2386 3765 2548 3837 etin
2585 3785 2722 3836 coe-

586 3881 735 3958 lesti
770 3887 958 3979 regia
998 3886 1320 3960 subsidiis
1351 3898 1780 3979 sanctorum,
1825 3910 2121 3982 quorum
2158 3888 2456 3961 aedificat
2485 3889 2722 3960 basili-

584 4033 729 4103 cas,
768 4012 1167 4084 collocatur.
1207 4041 1244 4080 >>
2623 4013 2628 4032 ’

680 4138 903 4210 Nobis
930 4147 1159 4210 tamen
1199 4149 1425 4211 cetera
1456 4139 1652 4232 grata
1696 4148 1858 4210 sunt
1882 4193 1900 4230 ‚
1941 4160 2102 4232 quae
2137 4161 2387 4234 nempe
2416 4141 2724 4234 poeticas

585 4263 1035 4348 narratione8‚
1064 4272 1408 4335 truncatas
1432 4265 1707 4357 quidem
1736 4275 1804 4336 et
1827 4265 2088 4335 fucatas
2111 4264 2420 4357 maleque
2443 4266 2714 4356 relatae,
2807 4279 2812 4284 ’

588 4396 888 4478 attamen
932 4388 1251 4482 antiquas
1285 4389 1637 4460 continent
1669 4409 1686 4457 ε
1730 4389 2006 4484 hocque
2045 4397 2310 4460 tantum
2344 4390 2554 4482 digna
2587 4391 2718 4460 mi·

587 4512 869 4584 serrima
897 4513 1125 4610 fabula
1154 4535 1315 4607 quae
1340 4514 1607 4607 legatur
1636 4525 1703 4586 et
1736 4514 1973 4587 critico
1999 4515 2228 4586 studio
2251 4515 2712 4588 submittatur.
