3700 5700
1938 745 2016 756 -..
2056 715 2137 776 40
2174 747 2256 762 .-

1141 844 1492 915 Miz-acula
1559 848 1800 916 sancti
1847 845 2100 916 Jacobi
2127 850 2132 855 ’
2159 869 2326 940 ergo
2394 849 2602 937 falsa3
2669 851 3031 919 Sermones
3086 847 3173 918 de

1047 983 1284 1038 sancto
1321 967 1590 1040 Jacobo
1623 993 1761 1042 non
1799 970 2207 1044 sinceriores
2251 993 2400 1044 esse
2426 955 2524 1044 Ϊ).
2570 971 2772 1046 Rivet
2809 973 3173 1045 verisimil-
3254 1033 3259 1038 .

1037 1090 1277 1163 limum
1329 1071 1510 1165 fecit.
1562 1095 1744 1180 Quid
1785 1095 1873 1168 de
1912 1096 2195 1169 historia
2238 1097 2651 1169 inventionis
2689 1097 3177 1191 Turpini'cen-

1037 1215 1328 1287 sendum
1390 1217 1590 1312 pauci
1639 1218 2088 1309 dubitabunt,
2140 1221 2636 1314 epistolamque
2683 1242 2820 1313 qua
2869 1241 3177 1291 summus

1036 1338 1358 1411 Pontifex
1390 1342 1761 1435 Tui-pinum
1800 1341 2268 1413 authenticum
2289 1343 2589 1415 declarat
2618 1348 2854 1416 veram
2874 1361 3175 1414 asserere

1039 1483 1272 1551 nemo,
1315 1474 1388 1535 ut
1419 1465 1689 1558 opinor,
1727 1462 2053 1552 confidet,
2080 1465 2201 1558 qui
2229 1476 2299 1538 et
2325 1466 2655 1539 Romanae
2680 1465 2891 1537 curiae
2920 1466 3171 1558 stylum

1033 1601 1101 1661 et
1131 1589 1386 1692 criticae
1423 1590 1586 1661 artis
1611 1591 1950 1691 elementa
1988 1590 2340 1684 paululum
2375 1591 2639 1662 calleat.

1125 1848 1352 1920 Series
1387 1846 1596 1939 igitur
1629 1845 1745 1918 illa
1781 1846 1872 1917 ab
1896 1838 2047 1918 'uno
2074 1846 2457 1939 eodemque
2492 1848 2681 1918 fonte
2717 1844 3163 1941 probabiliter

1025 1973 1290 2063 defluit,
1339 1991 1500 2064 quae
1539 1993 1680 2043 non
1719 1971 1844 2043 has
1890 1971 2370 2044 tantummodo
2404 1995 2622 2064 nugas
2670 1971 2871 2042 fudit.
2921 1971 3165 2041 Exstat

1027 2098 1210 2171 enim
1257 2097 1326 2167 in
1376 2095 1618 2167 iisdem
1669 2096 2023 2168 codicibus
2077 2097 2232 2169 haec
2287 2097 2607 2192 epistola,
2659 2098 3061 2200 Innocentio
3102 2097 3161 2168 11

1027 2242 1230 2319 papae
1261 2219 1540 2305 tributa,
1588 2219 1677 2291 de
1717 2220 1911 2310 cujus
1949 2219 2241 2292 falsitate
2275 2221 2515 2308 silebo,
2555 2242 2768 2314 quum
2800 2209 2875 2290 'et
2907 2219 3161 2292 indicia

1023 2344 1362 2442 permulta
1397 2342 1557 2430 sint,
1592 2354 1661 2415 et
1691 2342 1796 2414 vir
1825 2343 2263 2415 doctissimus
2294 2346 2366 2415 L.
2400 2344 2656 2416 Delisle
2683 2345 2801 2414 illa
2837 2364 3003 2413 mox
3035 2365 3160 2436 pa-

1023 2471 1315 2541 tefacere
1360 2467 1671 2538 intendat
1707 2493 1726 2539 ε

1123 2619 1164 2656 ιε
1203 2591 1639 2662 Innocentius
1671 2590 2062 2685 episcopuS,
2106 2614 2349 2664 servus
2400 2611 2755 2663 servorum
2801 2591 2955 2679 Dei,
3008 2592 3158 2661 uni-

1022 2715 1238 2787 versis
1278 2713 1586 2785 Ecclesie
1613 2713 1770 2795 filiis
1807 2715 2097 2785 salutem
2130 2725 2197 2787 et
2234 2715 2677 2809 apostolicam
2724 2714 3150 2786 benedictio·

1016 2862 1174 2912 nem
1223 2839 1290 2909 in
1321 2837 1613 2911 Christo.
1655 2838 1857 2910 Hunc
1892 2839 2226 2927 codicem,
2270 2862 2312 2912 a
2345 2838 2635 2911 Domino
2673 2860 2852 2935 papa
2880 2839 3149 2911 Calixto

1011 2967 1328 3063 primitus
1375 2963 1662 3050 editum,
1725 2985 1933 3055 quem
1993 2964 2433 3058 Pyctavensis
2488 2964 2867 3037 Aimericus
2916 2964 3149 3035 Pican-

1014 3092 1146 3163 dus
1179 3092 1267 3161 de
1306 3087 1687 3160 Partiniaco
1715 3088 1957 3175 veteri,
1992 3089 2113 3181 qui
2152 3098 2221 3160 et
2260 3089 2575 3160 Oliverus
2605 3089 2695 3160 de
2733 3088 3147 3160 Yscanivilla

1009 3224 1244 3287 sancte
1287 3211 1498 3310 Marie
1533 3210 1891 3282 Madalene
1930 3211 2021 3285 de
2058 3212 2392 3283 Vizeliaco
2434 3212 2705 3301 dicitur,
2752 3222 2821 3283 et
2848 3212 3143 3317 Giberga

1007 3335 1446 3412 Flandrensis
1477 3334 1667 3407 socia
1701 3336 1875 3426 ejuS,
1920 3358 2045 3429 pro
2088 3335 2470 3407 animarum
2506 3357 2784 3407 suarum
2826 3337 3145 3430 redemp-

1007 3467 1214 3551 tione,
1261 3472 1495 3533 sancto
1534 3461 1792 3533 Jacobo
1837 3461 2295 3534 Galetianensi
2340 3462 2699 3547 dederunt,
2744 3461 2977 3533 verbis
3025 3484 3144 3534 ve-

1005 3589 1458 3675 racissimum,
1493 3586 1765 3657 actione
1804 3585 2361 3679 pulcherrimum,
2410 3586 2499 3657 ab
2536 3585 2836 3657 heretica
2872 3597 2939 3657 et
2978 3608 3141 3680 apo-

911 3786 918 3791 .
1007 3715 1253 3811 cripba
1298 3710 1638 3806 pravitate
1669 3710 2080 3801 alienum,et
2120 3710 2299 3781 inter
2338 3708 2832 3781 ecclesiasticos
2870 3710 3142 3782 codices

999 3837 1426 3913 autenticum
1461 3845 1532 3905 et
1561 3854 1793 3905 carum
1836 3833 1963 3902 fori
1998 3832 2365 3905 auctoritas
2405 3842 2635 3904 nostra
2670 3831 2869 3903 vobis
2905 3832 3141 3905 testifi-

998 3963 1224 4051 catur,
1284 3959 1895 4033 excommunicans
1950 3969 2015 4028 et
2071 3957 2683 4044 anathematizanS,
2733 3958 3136 4031 anctoritate

997 4087 1123 4159 Dei
1147 4084 1364 4157 Patris
1391 4081 1910 4176 omnipotentie,
1933 4080 2156 4153 Patris
2185 4090 2255 4152 et
2271 4080 2419 4151 Filii
2448 4090 2517 4153 et
2541 4082 2839 4176 Spiritus
2868 4084 3129 4169 Sancti,

995 4213 1150 4284 illos
1187 4211 1308 4304 qui
1355 4210 1604 4280 latores
1641 4208 1708 4277 in
1759 4207 1999 4278 itinere
2038 4207 2253 4277 sancti
2299 4207 2539 4278 Jacobi
2581 4209 2755 4279 forte
2797 4209 3133 4301 inquieta-

989 4346 1272 4422 verunt,
1307 4333 1418 4404 vel
1456 4334 1574 4425 qui
1618 4333 1708 4403 ab
1749 4331 2059 4421 ejusdem
2092 4334 2386 4425 apostoli
2419 4332 2723 4420 basilica,
2767 4343 3126 4427 postquam

987 4463 1082 4535 ibi
1119 4462 1388 4533 oblatus
1432 4458 1660 4548 fuerit,
1701 4456 1955 4548 injuste
2000 4457 2189 4529 illum
2233 4458 2660 4531 abstulerunt
2702 4458 2817 4531 vel
2858 4460 3131 4532 frauda-
