3700 5700
1907 719 2227 781 ...26—

1008 870 1150 920 non
1181 848 1517 944 potuisse,
1562 852 1756 946 quod
1786 874 2017 942 nemo,
2056 863 2250 949 puto,
2289 852 2568 961 negabit
2595 851 2714 946 qui
2761 850 3010 989 librum
3039 852 3144 963 dij·

1005 972 1297 1063 ligeuter
1322 973 1587 1065 legerit.

989 1116 1011 1146 ··
1107 1098 1243 1170 luis
1289 1123 1465 1170 xxvu
1496 1103 1986 1194 posterioribus
2013 1104 2328 1198 capitulis
2357 1112 2426 1175 et
2465 1102 2794 1196 prologus
2811 1100 3144 1175 adnumess·

1004 1223 1275 1295 raudus
1318 1224 1580 1319 estqui
1624 1226 1693 1297 in
1726 1226 2135 1299 editionibus
2190 1228 2462 1321 legitur,
2509 1227 2582 1297 in
2629 1248 2770 1319 quo
2802 1226 3145 1320 Turpinus

1010 1327 1363 1420 inducitur
1408 1349 1511 1421 ad·
1538 1350 2062 1441 Leobrandum‚
2101 1350 2727 1447 Aquisgranensem
2775 1327 3139 1440 decanum,-

1006 1487 1187 1566 'opus
1224 1495 1425 1545 suum
1468 1475 1765 1564 mittens,
1808 1490 2343 1570 excusaturque,
2387 1474 2621 1569 quod
2604 1496 2674 1545 ιιι
2711 1474 2954 1546 ceteris
2997 1474 3132 1545 bis-

1011 1598 1200 1669 t'oriis
1250 1608 1385 1670 tam
1456 1604 1705 1693 magna
1776 1588 2054 1696 tamque
2113 1602 2415 1713 notanda
2475 1622 2634 1696 pars
2706 1599 2870 1671 vitae
2925 1597 3142 1671 Caroli

1009 1724 1241 1815 Magni
1264 1724 1713 1798 desideretur.

999 1863 1017 1893 ·-
1104 1848 1261 1921 Νοιι
1299 1848 1583 1921 omnino
1639 1872 2047 1946 persuasum
2085 1851 2356 1940 babe0,
2413 1850 2562 1922 illos
2603 1871 2770 1919 xxvu
2816 1848 3146 1962 capitulos

1008 1972 1314 2064 ejusdem
1362 1974 1662 2046 auctoris
1691 1997 1865 2064 esse,
1902 1974 2026 2047 sed
2083 1977 2165 2047 ea
2210 1976 2281 2046 in
2319 1975 2635 2047 diversas
2665 1983 2896 2068 partes
2929 1974 3147 2045 resol-

1008 2120 1172 2170 vere
1210 2099 1497 2171 tentanti
1540 2100 1772 2172 uimiae
1802 2099 2243 2173 difficultates
2296 2080 2734 2173 obstiterunt.
2771 2101 2921 2171 Hoc
2975 2101 3148 2170 forte

1004 2222 1206 2294 alicui
1230 2223 1580 2315 continget
1597 2224 1716 2318 qui
1732 2241 1974 2296 omnes
1991 2225 2267 2298 codices·
2285 2222 3144 2319 comparaverit.Attamen

996 2344 1143 2434 jam
1175 2322 1765 2417 notandum‘duas
1798 2354 2075 2417 exstare
2112 2344 2569 2434 recensioneS,
2609 2332 2899 2438 quarum
2936 2354 3145 2412 unam

1004 2468 1073 2538 in
1114 2467 1388 2540 duobus
1436 2477 1703 2540 tantum
1732 2467 2091 2542 codicibus
2114 2468 2204 2565 (A
2245 2480 2314 2542 et
2343 2467 2446 2565 S),
2493 2470 2773 2541 alteram
2803 2467 2873 2538 in
2905 2465 3146 2547 ceteris

1006 2593 1407 2687 reperimus.
1438 2592 1895 2664 Posteriorem
1917 2591 2560 2687 Sandeonysiacam.
2580 2590 2927 2689 appellare
2949 2592 3140 2677 licet,

1003 2715 1075 2783 iu
1119 2733 1256 2807 qua
1304 2721 1372 2783 et
1426 2712 1751 2806 prologus
1788 2721 1859 2784 et
1901 2714 2272 2807 capitulum
2317 2735 2512 2785 xxx1
2538 2714 2731 2805 gravi
2777 2714 3148 2810 interpola·

1006 2834 1192 2908 tione
1224 2834 1563 2906 laborant.
1610 2833 1725 2906 Sic
1766 2836 1949 2906 enim
2000 2835 2072 2907 in
2118 2834 2228 2907 As
2285 2834 2574 2932 prologo
2614 2836 2912 2927 legitur:
2947 2866 2980 2902 α
3011 2832 3150 2912 Ma-

917 3028 926 3037 .
1007 2960 1237 3053 gualia
1283 2982 1419 3053 que
1457 2981 1587 3032 rex
1628 2959 1839 3052 gessit
1877 2962 1946 3031 in
1985 2960 2316 3054 Hispania
2360 2961 2430 3032 in
2475 2959 2682 3033 nullis
2716 2962 2912 3057 plene
2947 2962 3147 3036 chio-

868 3113 888 3127 ·
1006 3085 1183 3156 uicis
1220 3083 1671 3158 inveniuntur
1690 3083 2067 3178 divulgata.
2090 3087 2271 3158 Et¹ut
2297 3085 2464 3157 mihi
2497 3087 2862 3182 scripsistis
2890 3109 2973 3160 ea
2998 3090 3144 3184 ple·

1007 3211 1195 3282 narie
1232 3208 1577 3305 repperire
1613 3220 1843 3282 vestra
1870 3211 2180 3304 nequivit
2210 3199 2624 3285 fraternitas,
2667 3243 2702 3279 n
2745 3214 2835 3284 At
2879 3213 2950 3284 in
2975 3226 3150 3288 cete-

1004 3335 1102 3406 ris
1118 3311 1475 3408 codicibus
1504 3346 1572 3407 et
1626 3336 2050 3409 editionibus
2077 3336 2184 3435 (1)
2219 3364 2236 3408 z
2271 3367 2305 3402 α
2347 3338 2620 3410 Etenim
2674 3340 3015 3430 magnalia
3049 3340 3150 3413 di·
3186 3337 3190 3342 ’

1001 3462 1288 3554 ‘vulgata
1324 3483 1484 3558 quae
1521 3484 1647 3535 rex
1691 3464 1762 3534 in
1805 3464 2135 3559 Hispania
2177 3465 2413 3558 gessit,
2456 3465 2529 3536 in
2588 3466 2804 3538 sancti
2839 3467 3149 3562 Dionysii
3210 3458 3214 3460 ’

1007 3586 1361 3674 chronico,
1387 3597 1466 3658 ut
1505 3587 1673 3658 mihi
1699 3589 2100 3684 scripsistiS,
2131 3591 2427 3685 reperire
2447 3590 2749 3685 plenarie
2783 3593 3149 3665 auctoritas

1005 3722 1238 3785 'vestra
1269 3713 1622 3806 nequivit3
1676 3713 1889 3804 igitur
1916 3726 2272 3788 auctorem
2315 3716 2522 3805 illius,
2584 3727 2704 3789 aut
2757 3729 2891 3812 pro'
2935 3714 3150 3800 tanto-

1009 3845 1469 3910 rum'actuum
1504 3837 1840 3933 scriptura
1870 3840 2172 3934 prolixa,
2215 3851 2334 3912 aut
2362 3845 2524 3934 quia
2561 3817 2742 3913 idem
2781 3842 3036 3915 absens
3059 3844 3148 3914 ab

1006 3966 1332 4061 Hispania
1369 3987 1453 4038 ea
1481 3966 1852 4058 ignoravit,
1894 3966 2202 4062 intentio.
2236 3980 2466 4040 vestra
2500 3968 2835 4062 intelligat
2868 3971 3148 4043 minime

989 4108 1089 4163 ‘ea
1128 4089 1219 4163 ad
1246 4093 1524 4188 plenum
1560 4091 1938 4184 scripsisse,
1983 4102 2048 4164 et
2096 4115 2435 4186 nusquam
2465 4094 2793 4167 volumen
2842 4095 3024 4167 istud
3059 4097 3146 4167 ab

1005 4237 1091 4290 eo
1129 4216 1637 4289 discordasse.»
1674 4211 1970 4289 Innuere
1999 4217 2107 4288 his
2134 4217 2370 4289 verbis
2405 4219 2852 4314 interpolator
2877 4219 3147 4298 videtur

1076 4397 1151 4469 (1)
1192 4398 1467 4457 Convenit
1490 4397 1581 4457 hic
1603 4415 1733 4458 cum
1763 4403 1813 4456 A
1832 4401 1872 4458 S
1890 4409 1952 4460 et
1967 4403 2044 4470 K,
2067 4401 2162 4476 qui
2181 4401 2354 4459 codex
2379 4409 2568 4505 tamen
2594 4401 2654 4461 in
2682 4402 2921 4477 capitulo
2943 4418 3146 4462 xxxv:

932 4504 941 4514 ·
1006 4493 1217 4543 ceteros
1241 4487 1509 4560 sequitur.
