3700 5700
1407 684 1487 699 ...
1530 654 1607 713 53
1654 684 1724 696 .-

502 787 651 870 tur;
700 781 926 855 littera
966 809 1050 871 a,
1093 787 1393 880 exempli
1442 798 1691 879 gratia,
1740 786 1808 855 in
1868 784 2233 857 verborum
2281 784 2420 855 fine
2467 805 2633 873 non,

500 912 579 973 ut
610 902 683 975 in
724 908 962 980 codice
1000 911 1219 999 5714,
1260 933 1417 983 cum
1452 911 1677 981 littera
1712 934 1752 978 e
1787 907 2162 981 contendit.

608 1034 1097 1105 Sanctonensis
1116 1044 1299 1107 certe
1326 1056 1467 1108 non
1499 1033 1626 1105 fuit
1644 1034 1761 1105 'ille
1784 1033 1904 1127 qui
1934 1031 2338 1127 Turpinum,
2355 1032 2642 1124 jubente

502 1159 818 1234 Yolande
857 1168 924 1229 et
968 1158 1215 1233 marito
1265 1161 1412 1252 ejus
1456 1162 1771 1252 Hugone,
1812 1158 1882 1227 in
1921 1157 2240 1249 gallicum
2279 1158 2640 1230 transtulit.

501 1284 739 1357 Codex
774 1285 987 1371 5714,
1028 1283 1099 1354 in
1145 1283 1307 1376 fine,
1353 1286 1728 1358 clausulam
1773 1304 1984 1377 quam
2035 1303 2241 1377 supra
2287 1284 2646 1355 retulimus

501 1411 600 1481 sic
640 1409 849 1480 habet
888 1436 906 1479 ε
957 1438 990 1473 α
1036 1410 1129 1481 Οἱ
1157 1424 1265 1479 est
1286 1386 1511 1504 senia
1540 1408 1871 1479 l'escoira.
1917 1414 2066 1479 Des
2100 1405 2268 1478 dont
2304 1432 2398 1479 au
2436 1425 2642 1481 contet

502 1530 588 1603 de
630 1536 837 1605 Saint
876 1536 979 1602 Po
1021 1533 1174 1615 via,
1222 1534 1355 1631 qui
1386 1531 1459 1601 la
1472 1533 1589 1625 fit
1614 1546 1836 1601 mecm
1885 1528 1971 1599 de
2013 1528 2193 1601 latin
2230 1555 2320 1601 en
2353 1556 2642 1605 mmanz

500 1678 668 1724 senz
707 1654 887 1724 rinna
922 1678 1065 1749 por
1096 1655 1335 1725 mieua:
1382 1650 1752 1725 encendra.
1802 1656 2004 1745 Quat·
2041 1677 2162 1743 epo
2197 1667 2371 1749 puel
2414 1656 2643 1725 main!

499 1794 625 1840 sen
654 1767 1038 1866 aprendra.
1076 1771 1277 1843 Dices
1320 1794 1536 1839 amen
1571 1783 2145 1852 comunaumenC,
2188 1794 2324 1868 que
2362 1775 2507 1840 Des
2537 1770 2649 1842 lor

502 1890 676 1963 dont
704 1907 922 1993 grant
943 1892 1113 1990 joia
1147 1892 1536 1980 ensembla,
1574 1920 1616 1965 e
1647 1893 1696 1963 ὰ
1732 1890 2077 1965 Nicholas
2117 1892 2205 1964 de
2241 1896 2636 1981 Saint-Le‘s,

502 2022 624 2091 cui
647 2036 863 2119 grant
897 2019 1124 2089 henot·
1152 2018 1326 2091 dont
1348 2019 1570 2097 leesu
1592 2020 1799 2092 Crist.
1830 2026 2087 2091 Amen.
2129 2050 2164 2087 n
2201 2022 2546 2095 Saint-Lis
2571 2025 2641 2096 in

500 2147 727 2219 medio
776 2168 926 2218 aevo
977 2165 1105 2239 pro
1162 2146 1386 2216 Senlis
1448 2167 1637 2242 saepe
1690 2146 2053 2251 scribitur3
2112 2146 2640 2223 Silvanectensis

500 2290 666 2363 ergo
708 2271 1035 2342 Nicolans
1062 2281 1232 2341 erat.
1275 2270 1529 2365 Nequit
1565 2270 1776 2361 igitur
1803 2270 1939 2342 hoc
1977 2292 2229 2343 nomen
2267 2270 2639 2369 interpola-

503 2392 669 2464 toris
736 2414 927 2474 esse,
1001 2391 1117 2485 qui
1184 2391 1691 2463 Sanctonensis.
1736 2401 1925 2480 erat,
2000 2390 2123 2463 sed
2180 2393 2631 2491 translatoris,

500 2517 691 2610 quod
729 2516 1170 2611 interpolator
1218 2535 1259 2586 e
1298 2514 1537 2587 codice
1585 2536 1724 2586 non
1782 2515 2198 2611 interpolato
2247 2515 2632 2615 descripsit.

499 2646 652 2718 Non
691 2668 853 2739 ergo
892 2644 1185 2738 amplius
1214 2652 1456 2717 auctor
1492 2640 1839 2715 Chronicc‘
1879 2648 2142 2741 Regum
2165 2649 2630 2735 Francorum,

498 2766 690 2860 quod
732 2767 803 2837 in
838 2765 1305 2837 codice'5714
1342 2765 1754 2854 continetur,
1791 2764 2030 2837 haberi
2074 2766 2280 2839 debet
2316 2768 2634 2847 Nicolaus

502 2891 1073 2980 silvanectensiS,
1114 2891 1235 2964 sed
1279 2913 1704 2990 anonymus3
1752 2891 2079 2964 Nicolaus
2129 2903 2395 2986 autem,
2447 2918 2635 2975 anno
2747 2939 2756 2948 ·

498 3015 765 3088 circiter
810 3014 1007 3102 MCC,
1048 3014 1733 3109 Pseudo-Turpinum
1766 3013 2104 3086 Gallicum
2155 3015 2352 3104 fecit,
2395 3041 2630 3112 quem,

500 3159 637 3211 non
670 3137 887 3210 multo
920 3147 1071 3233 post
1097 3136 1230 3232 (l),
1256 3137 1427 3208 miro
1458 3136 1667 3210 modo
1698 3136 2185 3211 Sanctonensis
2213 3160 2626 3234 anonymus,

499 3262 809 3335 Chronici
844 3270 1107 3353 auctor,
1143 3261 1603 3355 interpolavit.

594 3386 763 3459 Haec
783 3384 1129 3456 translatio
1145 3405 1326 3456 anno
1340 3383 1743 3482 MDXXVIl,
1777 3381 2076 3474 Parisiis,
2105 3385 2285 3480 typis
2311 3387 2634 3460 mandata

499 3512 653 3594 fuit,
670 3487 1065 3603 quanquam
1092 3530 1272 3604 saepe
1289 3508 1549 3580 dictum
1573 3509 1766 3580 estin
1791 3508 1906 3580 illa
1923 3508 2227 3580 editione
2255 3509 2637 3584 translatio-

498 3657 655 3706 nem
685 3633 965 3705 Roberti
998 3633 1290 3726 Gaguini
1320 3643 1615 3722 exstare,
1666 3634 1856 3727 quod
1893 3633 2174 3706 minime
2213 3656 2454 3706 verum
2484 3658 2633 3711 esse

500 3758 911 3832 monstravit
952 3759 1011 3828 1.
1066 3759 1142 3829 C.
1180 3759 1438 3829 Brunet
1475 3759 1547 3828 in
1583 3757 1757 3829 libro
1798 3757 1910 3829 cui
1949 3757 2182 3829 titulus
2223 3754 2631 3856 Bible‘opoloe

498 3878 954 3954 Enchm'dion
992 3880 1116 3974 (2).
1167 3883 1377 3952 Recte
1422 3902 1702 3976 quoque
1751 3879 1920 3954 dicit
1957 3879 2141 3952 idem
2177 3879 2468 3973 scriptor
2498 3882 2631 3956 hoc

500 4028 643 4078 non
691 4028 933 4100 puram
986 4026 1133 4076 esse
1172 4005 1683 4078 translationem
1728 4035 1746 4078 ε
1795 4034 1831 4070 α
1869 4003 2202 4076 L’auteur
2217 4029 2288 4099 y
2313 4030 2362 4074 a
2389 4003 2642 4103 ajoute‘

498 4127 803 4200 diverses
857 4131 1397 4212 cab-constances,
1444 4145 1669 4201 tontes
1712 4128 1802 4200 de
1848 4155 1982 4201 son
2023 4131 2512 4228 lmaginau'on,
2563 4149 2634 4204 et
2721 4151 2734 4164 ·

574 4311 649 4383 (ι)
684 4316 830 4368 Ante
859 4311 1057 4370 nect.
1086 4311 1273 4384 scripti
1292 4311 1551 4370 videntur
1572 4313 1741 4372 ambo
1769 4312 2007 4374 codices.

572 4403 649 4466 (2)
686 4399 749 4454 In
782 4398 1079 4456 novissima
1110 4397 1377 4468 editione,
1404 4407 1449 4456 t.
1474 4403 1547 4468 V,
1581 4416 1637 4474 p.
1664 4404 1784 4458 981.
