3700 5700
1958 740 2037 753 -.
2075 712 2112 770 2
2155 740 2234 753 -.

1033 862 1201 927 nor,
1266 840 1384 934 qui
1425 862 1665 912 omnes
1719 840 1988 912 codices
2041 839 2577 933 comparaverit3
2629 848 2883 911 rectam
2937 850 3162 913 tamen

1031 964 1217 1034 viam
1263 964 1350 1035 ad
1396 963 1926 1056 explicationem
1977 965 2216 1056 huju5‚
2259 976 2335 1035 ut
2378 966 2473 1035 ita
2515 965 2774 1053 dicam,
2832 986 2870 1035 a
2925 965 3159 1057 pleris-

1025 1112 1163 1182 que
1183 1087 1531 1183 desperati
1571 1088 1795 1185 griphi
1834 1111 1943 1160 me
1981 1092 2265 1162 fortasse
2300 1089 2708 1184 judicabunt
2740 1089 2938 1183 periti
2975 1089 3156 1161 indi-

1025 1225 1315 1277 cavisse.

2067 1494 2116 1563 1.

1348 1756 1469 1811 lle
1506 1756 1875 1825 Tun-pino
1905 1754 2332 1809 doctorum
2364 1756 2810 1811 §autentico-

1103 2011 1303 2082 Nulla
1342 2009 1581 2103 priscis
1614 2011 1890 2081 saeculis
1927 2011 2015 2082 de
2040 2009 2328 2103 Turpini
2357 2005 2762 2088 auctoritate
2791 2011 2996 2083 video
3022 2013 3152 2083 du-

1004 2135 1116 2206 bia
1166 2144 1339 2206 orta.
1382 2136 1530 2229 lpse
1568 2133 1964 2221 SchardiuS,
2017 2135 2135 2227 qui
2187 2134 2503 2228 princeps
2551 2134 2830 2205 latinum
2869 2118 3159 2230 Turpini

1004 2267 1279 2329 textum·
1328 2257 1579 2344 edidit,
1625 2256 1716 2326 illi
1755 2258 1931 2328 inter
1969 2259 2273 2328 sinceros
2325 2256 2688 2328 historicos
2737 2258 2964 2327 locum
3016 2257 3151 2328 im-

1002 2382 1236 2476 pertiri
1272 2382 1554 2454 videtur·
1578 2380 1711 2475 (1).
1749 2382 1884 2453 Sed
1918 2382 2038 2452 vix
2077 2392 2230 2475 post
2265 2382 2447 2451 illam
2481 2379 2851 2451 editionem
2887 2382 3156 2474 aliquot

998 2508 1197 2578 annis
1226 2507 1498 2601 elapsiS,
1537 2506 1849 2600 Papirius
1880 2507 2134 2593 Mass0‚
2178 2506 2433 2576 bellum
2463 2504 2685 2577 Caroli
2714 2505 3148 2599 hispanicum

996 2630 1327 2717 reserem,
1369 2631 1648 2723 Turpini
1693 2630 1871 2701 libro
1907 2642 1980 2699 se
2020 2632 2275 2700 nullam
2319 2629 2651 2701 adhibere
2681 2630 2892 2700 fidem
2940 2632 3152 2725 profi-

999 2763 1221 2825 tetur:
1262 2783 1297 2818 c<
1326 2753 1435 2824 Ab
1473 2752 1755 2824 homine
1780 2808 1799 2842 ‚
1834 2754 2092 2845 inquit,
2128 2753 2448 2847 imperito
2479 2764 2550 2825 et
2588 2754 2902 2825 mendaci
2931 2756 3147 2849 scrip-

999 2895 1145 2950 tum
1172 2881 1384 2951 multa
1425 2891 1803 2972 arguunt...
1838 2879 2146 2950 Libellus
2197 2881 2324 2951 iste
2369 2882 2456 2954 ab
2497 2881 2774 2953 homine
2817 2881 3035 2954 otioso
3072 2881 3144 2951 in

990 3004 1368 3094 juventulis
1404 3005 1697 3094 gratiam
1726 3004 2019 3098 scriptus
2051 3003 2352 3094 videtur,
2393 3026 2530 3076 non
2568 3006 2780 3075 multo
2825 3013 2982 3095 post
3019 3006 3144 3075 Ca-

940 3159 953 3172 ’
996 3129 1124 3200 roli
1161 3128 1351 3201 Calvi
1391 3128 1749 3222 imperium
1792 3129 1922 3222 (2).
1956 3157 1991 3192 >2
2275 3223 2288 3234 ο

936 3233 939 3238 ’
1091 3251 1299 3324 Plane
1330 3250 1572 3323 inutile
1609 3275 1796 3323 nunc
1822 3251 2097 3323 videtur
2133 3252 2596 3323 demonstrare
2635 3254 2880 3323 librum
2923 3253 3012 3324 ab
3055 3277 3138 3326 eo

998 3377 1193 3468 cujus
1236 3397 1494 3448 nomen
1542 3377 1819 3470 praefert
1870 3375 2072 3447 scribi
2123 3376 2634 3469 nonpotuisse.
2687 3376 2852 3460 Quis
2912 3389 3134 3450 tamen

994 3501 1104 3572 ille
1149 3502 1385 3588 fuerit,
1424 3511 1493 3572 et
1532 3522 1744 3592 quare
1782 3500 2114 3571 adulterae
2153 3521 2384 3593 operae
2417 3510 2747 3594 patronus
2779 3501 2979 3572 datus
3007 3506 3132 3588 sit,

996 3602 1667 3721 paucis'dicendum.
1709 3624 2038 3720 Tylpinus
2059 3623 2166 3718 (3)
2192 3676 2210 3709 ‚
2247 3624 2524 3693 nomine
2571 3635 2644 3694 ut
2673 3622 2943 3694 videtur
2980 3645 3136 3715 ger-

998 3749 1291 3836 manico,
1330 3769 1567 3819 revera
1601 3748 1920 3820 Remensi
1961 3747 2287 3819 Ecclesiae
2323 3749 2634 3842 praefuit,
2689 3758 2759 3818 et
2790 3748 2972 3819 circa
3012 3769 3137 3818 an·
3237 3739 3239 3742 ⁴
3320 3776 3327 3785 ·

996 3897 1166 3946 num
1213 3872 1423 3946 DCCC
1462 3872 1820 3944 defunctus
1872 3883 1976 3946 est
2017 3872 2148 3968 (4).
2193 3874 2267 3943 In
2313 3872 2805 3966 antiquissimis
2849 3872 3140 3944 heroicis

1072 4143 1147 4206 (1)
1182 4137 1321 4196 Vide
1341 4136 1588 4196 schardii
1614 4136 1906 4211 epistolam
1927 4136 2346 4194 dedicatoriam.

1079 4229 1151 4299 (2)
1192 4227 1517 4284 Annalium
1548 4226 1841 4301 (Lutetiae,
1876 4227 2183 4293 Chesueau‚
2217 4232 2396 4298 1578),
2428 4227 2525 4284 lib.
2549 4231 2626 4297 ΙΙ,
2650 4243 2706 4301 p.
2736 4233 2829 4286 97.

1072 4321 1147 4383 (3)
1187 4314 1273 4372 Sic
1292 4330 1417 4372 eum
1439 4323 1596 4372 vocat
1617 4315 1962 4372 Frodoardus
1983 4315 2096 4383 (lib.
2128 4319 2200 4384 11,
2225 4331 2274 4371 c.
2305 4319 2456 4382 ινιτ)
2482 4323 2537 4372 et
2561 4317 2680 4386 eJus
2698 4315 3040 4391 epitaphium
3063 4317 3131 4374 ab

1004 4404 1309 4460 Hincmaro
1334 4404 1627 4477 scriptum,
1657 4405 1805 4478 quod
1830 4403 2181 4462 Frodoardus
2209 4403 2347 4460 libro
2375 4403 2630 4460 inseruit.

1075 4498 1149 4562 (4)
1188 4492 1325 4549 Vide
1362 4495 1596 4550 Daunou
1635 4493 2020 4569 (Bioyrapht'e
2045 4491 2409 4562 universelle,
2430 4506 2478 4548 s,
2507 4508 2561 4550 v.
2597 4495 2874 4567 Turpin).
