3700 5700
1896 686 2214 747 ...45-

980 843 1190 888 mans
1207 841 1380 888 sans
1398 819 1594 903 rime,
1619 843 1758 915 pot·
1772 821 1997 890 miens
2026 817 2427 890 ammaim«
2446 821 2630 912 Ergo
2655 821 2833 892 intra
2854 843 3114 894 annum

976 941 1296 1029 MCXCV‚
1335 963 1476 1036 quo
1499 942 1871 1015 Balduinus
1890 943 2084 1031 obiit,
2124 957 2190 1017 et
2218 965 2474 1017 annum
2503 943 2768 1034 MCCII,
2806 954 3113 1018 statuen-

975 1063 1142 1136 dum
1166 1074 1433 1160 tempus
1455 1064 1645 1136 istius
1670 1067 1923 1161 operis,
1952 1070 2131 1140 circa
2172 1091 2431 1141 annum
2457 1067 2629 1140 MCC
2658 1068 3107 1162 probabilius.

1077 1191 1243 1264 Haec
1268 1191 1644 1282 translatio,
1679 1191 1747 1262 in
1777 1193 2052 1266 duobus
2084 1196 2333 1268 nostris
2362 1194 2743 1282 codicibus,
2786 1192 3113 1287 gravissi-

973 1314 1105 1386 mis
1157 1324 1226 1387 et
1275 1317 1467 1388 miris
1531 1317 2172 1414 interpolationibus
2231 1321 2499 1393 laborat
2560 1347 2575 1390 :
2635 1319 2825 1392 alteri
2880 1327 3111 1390 tamen

968 1440 1250 1530 junctus
1306 1440 1497 1512 latini
1548 1442 1702 1513 libri
1765 1453 1997 1515 textus
2022 1499 2041 1534 ‚
2097 1446 2216 1539 qui
2285 1446 2761 1519 translatorem
2827 1441 3117 1516 infidum

973 1565 1441 1660 nequidquam
1486 1568 1948 1640 clamat.1am
1992 1570 2157 1641 satis
2183 1569 2481 1641 vidimus
2529 1565 2783 1639 multos
2814 1566 2885 1636 in
2921 1565 3114 1637 salsi·

976 1685 1252 1760 licando
1271 1697 1340 1761 et
1366 1692 1687 1780 augendo
1710 1685 2013 1786 Turpino
2036 1704 2441 1788 occupatos3
2473 1691 2606 1764 hoc
2627 1701 2858 1764 tamen
2887 1698 3114 1762 cetera

972 1807 1182 1903 longe
1217 1822 1377 1906 post
1411 1833 1485 1886 se
1524 1815 1872 1910 relinquit.

1071 1935 1224 2008 Non
1265 1936 1396 2033 ipsi
1454 1941 1844 2012 translatori
1885 1941 2287 2038 imputanda
2333 1950 2460 2031 est,
2498 1937 2615 2012 sed
2650 1938 2897 2010 seribae
2934 1957 3109 2032 pos-—

974 2059 1234 2145 teriori,
1283 2060 1752 2160 interpolatio.
1792 2065 2058 2150 Quibus
2099 2073 2367 2139 constet
2397 2063 2694 2160 primum
2731 2061 3105 2135 dicendum

976 2194 1104 2256 est.
2430 2171 2437 2183 ’

1073 2309 1224 2383 Non
1276 2315 1451 2386 male
1504 2317 1816 2411 sequitur
1866 2327 2134 2389 textum
2188 2317 2541 2390 translatio
2582 2336 2803 2410 usque
2832 2313 2923 2386 ad
2963 2331 3108 2382 me-

975 2431 1170 2505 dium
1196 2437 1571 2533 capitulum
1611 2462 1896 2512 nonum.
1934 2441 2081 2529 Hie,
2128 2449 2284 2535 post
2310 2443 2525 2513 verba
2564 2467 2580 2512 ε
2632 2455 2700 2510 et
2731 2439 2917 2535 cepit
2951 2457 3110 2505 eam

974 2553 1046 2651 (e
1093 2559 1164 2627 si
1197 2557 1270 2630 la
1290 2562 1534 2659 prist),
1591 2563 1686 2635 ita
1723 2565 2160 2659 persequitur
2202 2590 2221 2636 t
2262 2593 2297 2630 α
2353 2562 2613 2635 D’iloec
2653 2565 2721 2633 si
2761 2557 3025 2631 manda
3062 2553 3111 2625 ὰ

973 2681 1194 2754 Karle
1232 2683 1519 2758 batalle'e
1561 2689 1686 2786 qui
1709 2691 1915 2760 estee't
1950 2689 1997 2759 ὰ
2026 2676 2261 2776 Paris,
2292 2715 2333 2759 e
2357 2689 2529 2787 equi
2554 2689 2811 2758 moime
2846 2689 2917 2756 K
2921 2681 3113 2754 arles

973 2804 1127 2879 s'en
1158 2811 1329 2884 vinc
1354 2839 1445 2885 en
1474 2819 1781 2887 Beausse
1802 2815 1853 2886 ὰ
1897 2841 2035 2887 une
2050 2815 2311 2913 jornale
2338 2813 2427 2889 de
2454 2819 2691 2901 Paris,
2716 2840 2754 2886 e
2790 2807 3112 2913 arbel-gia

979 2946 1118 3005 eote
1159 2935 1292 3008 l’oz
1345 2963 1434 3009 en
1475 2914 1612 3011 ime
1661 2956 1841 3013 terre
1895 2942 2095 3042 loe'ng
2138 2941 2363 3030 d'eve5
2414 2969 2451 3012 e
2504 2957 2735 3040 quant
2771 2941 2833 3011 il
2850 2922 3119 3036 fierent

977 3056 1292 3159 atbetge‘,
1333 3061 1391 3133 li
1417 3064 1743 3136 chevaler
1771 3093 1810 3136 e
1833 3065 1895 3137 li
1932 3066 2187 3139 cheval
2216 3068 2527 3140 murz'ont
2572 3066 2658 3137 de
2702 3065 2832 3161 sef
2846 3088 2993 3163 par
3030 3086 3113 3153 po

973 3182 1152 3280 qu'il
1207 3184 1557 3259 n’avoient
1599 3193 1807 3286 point
1855 3190 2049 3262 d'eve
2066 3221 2096 3278 ‚·
2128 3219 2165 3262 e
2217 3192 2387 3291 equi
2414 3193 2671 3262 moime
2706 3193 2777 3261 K
2777 3187 2966 3260 arles
2987 3188 3117 3276 fist

975 3310 1251 3381 oreizon
1284 3311 1332 3381 ὰ
1375 3330 1612 3383 nostre
1663 3318 1977 3412 Segnior,
2022 3343 2062 3386 e
2098 3316 2282 3415 qu'il
2320 3316 2426 3388 lor
2472 3314 2735 3387 donast
2775 3338 2916 3396 eve,
2972 3338 3013 3382 e
3064 3310 3123 3381 il

975 3432 1086 3503 lor
1113 3432 1306 3505 dona
1338 3434 1428 3506 de
1460 3435 1622 3509 l’eve
1649 3438 1828 3538 aqui
1855 3466 1877 3510 .·
1914 3466 2063 3539 pm·
2092 3438 2345 3513 devant
2376 3440 2643 3513 chenne
2669 3440 2998 3537 arbergie
3029 3436 3117 3507 de

979 3556 1199 3630 baron
1237 3563 1438 3632 sortia
1464 3586 1600 3632 une
1615 3639 1626 3655 ι
1627 3560 1955 3653 fontaine
1984 3564 2058 3635 la
2084 3564 2397 3636 mieudre
2422 3568 2549 3663 qui
2567 3589 2831 3664 unques
2856 3562 3043 3660 sust,
3075 3586 3115 3631 e

977 3682 1032 3755 li
1075 3686 1424 3757 Francez's
1475 3682 1629 3757 s’en
1672 3685 2012 3787 esjolrent
2044 3705 2250 3763 most.
2286 3696 2355 3762 Ε
2380 3715 2525 3787 par
2562 3688 2699 3761 e‘cel
2728 3688 3019 3760 mit-acle
3048 3686 3121 3758 si

977 3806 1045 3878 lo
1080 3811 1437 3909 seguirent
1473 3808 1560 3881 de
1594 3816 1869 3883 France
1915 3815 2051 3885 tuit
2093 3814 2221 3913 qui
2248 3839 2521 3912 onques
2554 3838 2787 3885 armes
2816 3826 3119 3913 pogrent

960 3948 1232 4032 parter.
1290 3940 1359 4006 Ε
1393 3933 1620 4007 adone
1665 3962 1746 4007 se
1795 3938 2038 4037 mogm'
2067 3935 2125 4007 li
2167 3936 2342 4010 bons
2384 3940 2549 4026 mis,
2594 3965 2635 4008 e
2662 3940 2834 4017 vinc
2884 3935 3041 4007 s’en
3066 3934 3117 4005 ὰ

977 4061 1299 4131 Saincte-
1310 4061 1508 4131 Croiz
1530 4058 1915 4147 d'Orliens,
1958 4076 2027 4131 et
2050 4058 2299 4133 d’iloec
2331 4066 2401 4132 si
2432 4059 2588 4132 s’en
2625 4063 2799 4133 vinc
2823 4063 2873 4132 ὰ
2894 4062 3119 4133 Saint-

975 4186 1252 4256 Martin
1289 4182 1374 4255 de
1415 4190 1660 4269 Toum,
1707 4211 1748 4254 e
1796 4184 2018 4255 vellia
2056 4211 2097 4254 e
2124 4186 2253 4273 fist
2306 4187 2588 4257 oreizon
2630 4198 2679 4256 ὰ
2721 4202 2957 4256 nostre
2991 4188 3115 4255 Se·-

970 4310 1181 4407 gnior
1208 4334 1249 4378 e
1283 4309 1332 4378 ὰ
1377 4311 1823 4408 monsegnior
1841 4296 2056 4379 ‘saint
2104 4310 2361 4380 Martia
2409 4308 2592 4409 qu'il
2632 4309 2691 4380 li
2740 4308 3119 4380 donessont

976 4431 1294 4503 veinctoe
1337 4430 1442 4503 les
1465 4433 1880 4520 Sarmates,-
1909 4458 1949 4503 ο
1989 4423 2237 4505 d³lloec
2282 4438 2351 4505 si
2393 4433 2545 4506 s’en
2584 4436 2755 4505 vinc
2796 4436 2842 4504 ὰ
2879 4436 3115 4505 Saint-
