3700 5700
1932 677 2249 740 ...20—

1040 802 1678 896 Compostella'nam
1734 785 2021 910 scripta,
2076 822 2144 881 et
2203 811 2401 904 quasi
2458 811 2752 905 primum
2817 821 2886 881 et
2946 810 3169 882 adhuc

1037 924 1277 996 rudem
1311 938 1628 1000 conatum
1662 931 1871 1003 fuisse
1910 933 2346 1028 reliquiarum
2378 936 2593 1006 sancti
2619 934 2857 1006 Jacobi
2890 934 3169 1006 sinceri-

1036 1059 1242 1122 tatem
1305 1051 1844 1128 demonstrandi·.
1913 1057 2101 1129 Circa
2149 1060 2584 1132 undecimum
2637 1061 2971 1131 saeculum
3001 1055 3169 1130 'me-

1035 1175 1225 1247 dium
1271 1199 1352 1249 ea
1401 1181 1777 1275 composita
1825 1183 2035 1256 fuisse·
2072 1175 2380 1279 putare'm'
2424 1213 2442 1256 ε
2485 1207 2621 1258 non
2662 1195 2947 1279 possunt
2983 1184 3168 1257 enim

1032 1289 1228 1408 facile
1290 1289 1674 1398 antiquiora
1724 1308 1949 1400 credi,
2022 1332 2232 1404 quum
2284 1309 2793 1402 Lotharingiam
2846 1307 3037 1404 (cap.
3099 1305 3166 1405 1)

1031 1426 1422 1518 nominent,
1483 1449 1644 1520 quae
1670 1451 1816 1502 vox
1860 1439 2019 1502 ante
2071 1431 2315 1505 decimi
2370 1433 2605 1505 saeculi
2654 1432 2859 1505 finem
2916 1432 3165 1526 scripta

1029 1551 1220 1624 haud
1252 1553 1626 1624 invenitur.
1998 1565 2011 1574 “
2596 1647 2603 1654 ⁸

1053 1727 1060 1734 -
1127 1678 1294 1752 Haec
1337 1678 1635 1774 suspicio
1662 1680 1871 1752 variis
1919 1683 2341 1774 argumentis
2386 1684 2776 1755 roboratur.
2834 1667 3165 1756 Videmus

1027 1802 1312 1874 enimin
1350 1802 1456 1874 his
1481 1805 1791 1898 capitulis
1809 1807 2335 1901 Compostellam
2362 1809 2570 1880 semel
2602 1807 2963 1892 nominari,
2998 1806 3164 1878 hoc·

1027 1950 1164 2022 que
1191 1927 1426 2001 addito
1453 1955 1469 2000 :
1495 1957 1528 1993 «
1555 1931 1875 2022 quamvis
1902 1941 2066 2002 tunc
2102 1931 2427 2026 temporis
2457 1953 2667 2026 parva
2696 1962 2731 1998 »
2756 1931 2845 2028 (c.
2884 1931 3003 2028 111)
3031 1930 3159 2027 (1).

1027 2055 1106 2124 ln
1141 2043 1482 2138 narranda
1509 2053 1730 2126 Caroli
1759 2055 1989 2148 Magni
2037 2056 2126 2128 ad
2160 2057 2231 2154 S‚
2260 2057 2592 2128 Jacobum
2624 2057 3165 2150 peregrinatione

1025 2176 1161 2249 hoc
1187 2199 1441 2250 nomen
1468 2177 1838 2267 omittitur,
1873 2188 1942 2249 et
1978 2188 2245 2250 tantum
2273 2179 2519 2251 dicitur
2564 2207 2597 2250 t·
2637 2208 2671 2244 α
2696 2179 2986 2253 Visitato
3018 2202 3162 2252 sar-

1024 2303 1341 2397 cophago
1367 2304 1549 2376 beati
1575 2303 1850 2390 Iacchi,
1894 2303 2082 2375 venit
2125 2304 2213 2375 ad
2255 2309 2660 2375 Petronum.
2694 2335 2727 2370 »
2777 2310 3163 2376 Petronum

1027 2449 1196 2503 vero
1222 2428 1407 2500 illam
1437 2437 1702 2524 petram
1728 2428 2074 2500 vocabant
2096 2429 2207 2500 cui
2240 2429 2401 2501 ratis
2430 2431 2704 2523 alligata
2734 2433 2975 2521 fuerat,
3005 2434 3167 2525 qu'ae

946 2558 953 2563 '
1026 2549 1244 2622 sancti
1286 2548 1522 2633 Jacobi
1567 2570 1817 2644 corpus
1869 2549 2070 2620 Iriam
2116 2549 2530 2639 advexerat,
2588 2561 2657 2656 et
2690 2552 2780 2623 ab
2825 2553 2953 2625 hac
2990 2576 3164 2626 voce

1027 2675 1314 2770 sumpsit
1360 2674 1493 2745 Iria
1547 2674 1778 2746 Flavia
1829 2696 2083 2776 nomen
2130 2694 2393 2748 novum
2448 2675 2549 2746 El
2592 2675 2906 2760 Pedron,
2972 2680 3166 2773 quod

1025 2821 1211 2872 nunc
1250 2798 1462 2894 paulo
1505 2777 1983 2870 mutatum'El
2011 2795 2299 2869 Padron
2336 2810 2562 2872 sonat.
2627 2801 2751 2873 Hic
2780 2822 2947 2895 ergo
2976 2803 3163 2874 nulla

1027 2925 1321 3018 vestigia
1367 2924 1727 2996 simultatis
1772 2924 1951 2996 inter
2002 2924 2205 2997 Iriam
2254 2936 2323 2998 et
2367 2926 2927 3021 compostellam3
2984 2937 3056 2999 at
3088 2927 3161 2999 in

1025 3052 1166 3125 fine
1211 3049 1557 3123 undecimi
1597 3049 1832 3141 saeculi
1867 3049 2213 3159 discordia
2261 3051 2438 3123 inter
2485 3073 2603 3123 eas
2654 3051 2961 3124 civitates
3008 3063 3163 3125 orta

1025 3187 1162 3269 est,
1223 3174 1433 3269 quum
1483 3172 1778 3267 utraque
1823 3174 2285 3269 episcopalem
2336 3177 2603 3249 titulum
2651 3179 3037 3270 affectaret,
3092 3190 3160 3251 et

1025 3302 1396 3376 discordiae
1430 3299 1613 3371 illius
1633 3300 1721 3369 'in
1759 3300 2203 3393 sequentibus
2226 3303 2537 3397 capitulis
2571 3305 3003 3375 manifestum
3033 3326 3158 3403 ap-

1025 3436 1218 3525 paret
1264 3406 1794 3523 argumentum:
1826 3426 2093 3497 Nomen
2142 3426 2369 3521 ipsum
2414 3429 2894 3523 Compostella,
2952 3431 3072 3525 qui
3118 3454 3159 3504 a

1023 3576 1274 3649 campo
1311 3548 1534 3621 stellae
1563 3550 1904 3641 ‚originem
1946 3552 2235 3625 traxisse
2263 3553 2539 3644 dicitur,
2578 3565 2738 3627 ante
2772 3554 2983 3629 finem
3024 3580 3170 3636 sae-.

1024 3680 1160 3755 culi
1198 3676 1445 3751 decimi
1483 3697 1620 3748 non
1665 3688 1982 3772 apparet,
2018 3688 2085 3750 et
2116 3679 2186 3749 in
2224 3680 2589 3787 undecimo
2626 3704 2768 3755 non
2799 3684 3151 3777 frequens3
3210 3699 3214 3703 ·

1023 3806 1158 3893 sed
1177 3803 1512 3901 posterius
1537 3824 1674 3875 non
1703 3803 2039 3896 potuisset
2065 3804 2137 3875 in
2162 3806 2279 3900 tati
2302 3808 2693 3881 narratione
2718 3830 2893 3904 pene
2914 3808 3157 3881 omitti.

1022 3932 1282 4005 Deinde
1321 3928 1391 4000 in
1431 3929 1728 4023 capitulo
1769 3928 2378 4022 quintoheneficia
2414 3934 2801 4013 referuntur
2842 3957 3000 4027 quae
3038 3934 3161 4006 Ca-

1025 4058 1210 4131 rolus
1259 4053 1446 4126 beati
1488 4051 1726 4125 Jacobi
1768 4053 2073 4129 basilicae
2121 4028 2443 4147 contulit,
2484 4057 3009 4131 «tintinnabula
3038 4058 3162 4131 sci-

1023 4183 1180 4255 licet
1205 4179 1574 4275 palliaque,
1605 4178 1817 4251 libros
1843 4189 2205 4275 ceteraque
2221 4193 2631 4255 >ornamenta
2654 4212 2719 4273 ι),
2744 4206 2904 4277 quae
2930 4182 3160 4256 omnia

1095 4458 1172 4525 (1)
1209 4436 1425 4521 ciampi'
1437 4446 1570 4521 legit
1595 4422 1884 4523 perperam
1904 4450 2103 4524 qualis
2124 4434 2228 4525 pro
2252 4456 2540 4525 quamvis.
2660 4484 2665 4489 ·
