3700 5700
1934 696 2249 756 ...32—

1013 847 1220 918 quam
1284 848 1492 920 supra
1555 820 1945 928 retulimus3
2025 825 2586 900 verisimillimum
2656 841 2824 912 ergo
2882 819 3153 892 videtur

1012 947 1242 1036 illum3
1284 950 1402 1042 qui
1455 950 1828 1022 certissime
1879 950 2102 1023 eidem
2158 949 2387 1021 studio
2444 968 2583 1018 non
2637 952 3004 1016 vacaverat
3040 943 3153 1015 cui

1012 1063 1192 1161 nos‚²
1223 1070 1356 1145 alia
1415 1081 1485 1145 et
1542 1074 1795 1168 optima
1862 1084 2263 1174 argumenta
2294 1093 2438 1167 prae
2492 1093 2566 1143 se
2619 1070 2944 1142 habuisse
2994 1077 3152 1140 ante
3222 1053 3229 1058 ’

903 1245 912 1256 -
1009 1218 1218 1289 quam
1246 1199 1446 1270 talem
1474 1199 1943 1291 pronuntiaret
1967 1199 2398 1274 sententiam.
2420 1198 2647 1282 Quare
2664 1196 2969 1268 maxime
2990 1215 3152 1290 pro-

1007 1319 1236 1393 babile
1263 1337 1365 1394 est
1382 1322 1959 1418 Pseudo-Turpini
1991 1323 2429 1419 posteriorem
2454 1331 2717 1416 partem
2746 1343 2788 1393 a
2810 1319 3151 1392 monacho
3220 1401 3224 1404 ⁴

1012 1445 1314 1538 quodam
1367 1446 1583 1520 sancti
1633 1446 1931 1520 A‘ndreae
1979 1448 2349 1522 Viennensi
2406 1447 2858 1542 conscriptam
2911 1445 3142 1517 fuisse.

1105 1570 1258 1643 Non
1309 1581 1446 1643 tam
1495 1572 1790 1644 libenter
1839 1584 1908 1645 et
1949 1595 2207 1645 annum
2256 1572 2625 1667 reciperem
2668 1593 2875 1664 quem
2924 1569 3153 1641 Allard

975 1693 1328 1787 declarat,
1368 1697 1640 1789 MXCII,
1681 1698 1811 1792 ‚sed
1846 1698 2073 1792 potius
2110 1699 2289 1769 intra
2330 1719 2547 1768 annos
2591 1696 2775 1769 MCX
2802 1705 2871 1766 et
2905 1693 3153 1766 MCXV

1009 1819 1411 1893 fabricatum
1469 1803 1644 1916 opus
1691 1831 2032 1917 putarem.
2089 1823 2467 1917 Episcopus
2518 1821 2701 1894 enim
2746 1819 3151 1892 Viennensis

1009 1943 1229 2036 sactus
1287 1955 1423 2032 est,
1491 1966 1675 2018 anno
1735 1929 2183 2036 MLXXXIII,
2237 1943 2462 2017 Guido
2520 1942 2979 2036 Burgundiae,
3029 1941 3148 2034 qui

1008 2076 1248 2160 postea
1284 2067 1594 2140 Callistus
1642 2071 1702 2140 ll
1751 2069 2146 2141 nominatus
2190 2079 2313 2140 est..
2360 2071 2455 2156 Is,
2507 2078 2823 2162 utsupra
2862 2066 3146 2155 dictum,

1009 2190 1216 2262 frater
1245 2192 1636 2282 Raimundi,
1665 2195 1935 2266 comitis
1972 2194 2305 2280 Galletiae‚
2341 2203 2512 2282 erat,
2543 2204 2611 2266 et
2634 2214 2818 2264 anno
2844 2192 3146 2281 Mcvm,

1006 2326 1162 2409 post
1219 2328 1506 2390 mortem
1562 2318 1975 2411 Raimundi,
2022 2318 2151 2391 ivit
2206 2319 2353 2413 ipse
2407 2299 2964 2414 compostellam.
3026 2318 3151 2389 Hic

1010 2440 1296 2512 fortasse
1345 2463 1500 2512 eum
1550 2452 1827 2530 secutus
1869 2453 1970 2514 est
2012 2443 2389 2544 monachus
2430 2443 2545 2514 ille
2580 2441 2669 2515 de
2704 2463 2847 2536 quo
2891 2441 3146 2538 agitur3

1006 2563 1105 2634 ibi
1146 2566 1410 2637 invenit
1456 2567 1687 2662 priora
1744 2568 1898 2639 libri
1955 2568 2249 2663 capitula
2271 2619 2291 2656 ,
2346 2589 2565 2662 eaque
2614 2577 2681 2640 et
2736 2568 2808 2637 in
2861 2567 3149 2661 patriam

1005 2712 1238 2764 secum
1293 2692 1675 2787 reportavit
1719 2701 1789 2766 et
1840 2693 2160 2788 persequi
2200 2692 2454 2764 statuit.
2498 2692 2973 2786 Compostellae
3011 2692 3149 2763 Ec-

1003 2815 1280 2891 clesiam
1315 2818 1644 2892 extollere
1684 2819 2010 2916 episcopo
2046 2818 2347 2893 Guidoni
2380 2818 2535 2915 ipsi,
2580 2828 2655 2890 ut
2682 2818 3009 2909 vidimuS,
3034 2819 3147 2911 ju·

1004 2943 1306 3015 cundum
1363 2966 1512 3017 esse
1572 2944 1909 3037 debebat3
1976 2969 2117 3019 non
2186 2946 2415 3017 minus
2485 2946 2823 3019 monacho
2877 2956 3143 3035 nostro,

1003 3068 1122 3162 qui
1165 3079 1237 3141 et
1281 3070 1677 3163 episcopum
1716 3070 2057 3142 delectare
2102 3079 2173 3143 et
2223 3071 2543 3143 fratribus
2584 3071 2657 3141 in
2696 3072 3146 3185 compostella

1003 3184 1426 3289 complacere
1492 3194 1794 3265 volebat.
1855 3196 2080 3279 Quum
2144 3204 2373 3266 tamen
2434 3196 2582 3290 ipse
2635 3217 2777 3267 non
2822 3196 3003 3287 jam,
3070 3205 3149 3267 ut

1003 3319 1193 3414 prior
1228 3318 1544 3413 scriptor,
1577 3319 2176 3414 Compostellensis
2214 3330 2419 3411 esset,
2458 3320 2675 3408 sancti
2701 3319 2935 3391 Jacobi
2966 3320 3145 3411 ejus·

1004 3466 1140 3539 que
1187 3443 1522 3516 Ecclesiae
1563 3444 1971 3539 plerumque
2006 3444 2263 3517 oblitus
2305 3454 2431 3536 est,
2478 3466 2859 3538 eorumque
2897 3444 2970 3515 in
3003 3466 3146 3517 uno

1002 3592 1180 3665 pene
1265 3570 1564 3666 capitulo
1638 3570 2058 3643 mentionem
2131 3572 2333 3659 fecit,
2407 3569 2478 3642 in
2544 3568 2845 3665 capitulo
2898 3594 3021 3663 xx,
3069 3582 3145 3642 ut

1003 3695 1332 3781 diximus,
1359 3705 1498 3784 tam
1522 3694 1963 3788 magnificam
1995 3695 2272 3790 quidem
2294 3704 2371 3766 ut
2402 3674 2565 3787 satis
2598 3695 2925 3781 habereut
2952 3696 3146 3768 Com·

1000 3821 1464 3916 postellenses.
1511 3812 1702 3911 Quin
1756 3822 1971 3893 ferme
2018 3820 2315 3893 dicerem
2371 3821 2543 3893 illud
2578 3820 2953 3915 capitulum
2996 3821 3060 3892 ei
3101 3841 3143 3893 a

1002 3944 1559 4040 Compostellensi
1587 3945 1767 4017 clero
1801 3944 2309 4040 suppeditatum
2339 3965 2527 4033 esse,
2571 3946 2693 4037 qui
2736 3954 2805 4015 et
2839 3944 3023 4015 aliud
3062 3965 3145 4017 ac

1001 4079 1229 4143 cetera
1266 4067 1491 4164 sapiat
1527 4078 1593 4140 et
1621 4068 1945 4161 quaedam
1988 4071 2290 4165 proferat
2318 4092 2481 4163 quae
2513 4079 2678 4140 tunc
2710 4070 3035 4166 temporis
3072 4071 3143 4139 in

1003 4192 1488 4287 compostella·
1527 4191 2026 4284 cogitabantur,
2085 4192 2225 4265 imo
2286 4191 2707 4287 superbiora·
2747 4203 2817 4265 et
2868 4192 3135 4267 altiora.

1001 4318 1192 4406 Haec,
1235 4316 1534 4411 exempli
1571 4316 1813 4411 gratia,
1875 4317 1943 4387 in
1967 4402 1975 4413 ἡ
1994 4318 2138 4410 jam
2194 4318 2449 4413 saepius
2494 4318 2769 4390 laudata
2826 4318 3143 4389 Historia

1003 4438 1574 4537 Compostellana
1600 4441 1945 4533 leguntur,
1987 4441 2107 4513 ubi
2144 4453 2458 4515 narratur
2487 4442 2861 4517 Ecclesiam
2891 4445 3142 4516 Roma·
