3700 5700
30 5158 37 5193 v

1456 712 1536 726 .-
1574 683 1650 742 57
1695 714 1774 726 .-

562 814 892 914 Boloigne
920 817 1056 912 (l);
1082 817 1480 908 »iidemque
1505 838 1756 887 annum
1789 816 2102 904 Mccvss,
2128 838 2257 889 nec
2270 815 2412 906 jam
2441 815 2695 886 MCCVI

559 940 866 1015 indicant
907 940 1038 1036 (2).

659 1065 942 1138 Constat
983 1066 1190 1159 igitur
1229 1065 1712 1159 Reginaldum,
1743 1063 2079 1138 Bononiae
2119 1063 2467 1151 comitem,
2513 1083 2699 1134 anno
2782 1073 2787 1078 ·

559 1189 859 1281 MCCVI,
921 1191 1382 1263 translationis
1433 1192 1763 1264 fautorem
1812 1190 2058 1280 fuisse,
2106 1198 2177 1260 et
2224 1188 2697 1260 translatorem

562 1313 742 1385 illius
786 1316 1003 1408 gratia
1057 1315 1504 1388 laboravisse.
1553 1314 2048 1388 Translationis
2100 1312 2567 1386 exscribendae
2618 1311 2698 1381 li-

563 1440 857 1510 centiam
890 1450 958 1513 et
995 1431 1266 1534 cupivit'
1294 1439 1550 1512 habere
1587 1452 1657 1514 et
1694 1438 2085 1535 impetravit
2125 1437 2413 1510 Michael
2444 1435 2705 1531 Harne-

563 1562 728 1650 sius,
755 1564 860 1634 vir
893 1563 1140 1635 nobilis
1168 1574 1238 1635 et
1266 1579 1537 1658 potem,
1561 1564 1647 1636 de
1677 1584 1820 1658 quo
1846 1562 2133 1634 historia
2168 1559 2495 1656 temporis
2521 1560 2703 1632 illius

568 1706 706 1756 non
737 1686 891 1760 silet
915 1684 1048 1782 (3).
1087 1686 1438 1759 Michaelis
1470 1698 1693 1760 autem
1731 1687 1952 1760 scriba
1986 1688 2134 1777 ejus
2156 1706 2412 1757 nomen
2440 1685 2509 1756 in
2542 1704 2703 1779 pro-

565 1820 723 1912 logo
765 1822 1122 1913 Regiualdi
1167 1823 1426 1894 nomini
1460 1811 1832 1912 substituit,
1866 1824 2085 1894 fassus
2125 1829 2365 1898 tamen.
2392 1818 2701 1892 codicem

565 1943 745 2014 inter
780 1944 989 2018 libros
1024 1947 1386 2039 Reginaldi
1422 1959 1790 2042 repertum,
1827 1946 1952 2019 sed
1996 1956 2065 2018 et
2094 1945 2421 2041 seipsum,
2468 1957 2543 2014 ut
2571 1943 2705 2016 Mi-
2830 1943 2835 1954 ’

568 2068 786 2141 chaeli
816 2069 1150 2164 placeret,
1187 2073 1607 2146 transtulisse
1645 2074 2002 2161 affectanS,
2038 2082 2126 2174 et·
2150 2072 2399 2142 librum
2430 2097 2463 2134 α
2486 2068 2704 2139 multo

568 2191 811 2264 labore
846 2197 1216 2293 quae-situm
1255 2227 1286 2262 n
1324 2197 1686 2288 jactitans',
1737 2221 1955 2291 quum
1996 2198 2146 2288 ejus
2190 2194 2499 2266 inventio
2538 2215 2707 2266 vero

573 2321 959 2393 translatori
1023 2323 1308 2396 fortasse
1359 2344 1496 2416 non
1563 2323 1780 2424 nihil,
1829 2323 1923 2393 illi
1978 2329 2209 2394 autem
2262 2320 2539 2394 minime
2608 2320 2708 2390 la-

569 2443 848 2517 boriosa
879 2447 1136 2520 fuisset.
1185 2448 1381 2521 Certe
1414 2447 1543 2520 hac
1573 2448 1640 2518 in
1673 2469 1748 2518 re
1780 2447 2076 2518 Michael
2096 2445 2469 2517 Harnesius
2506 2439 2709 2516 nullis

570 2567 721 2638 aliis
755 2569 1060 2663 partibus
1090 2572 1361 2643 functus
1389 2582 1493 2644 est
1535 2593 1616 2642 ac
1651 2571 2080 2659 Maecenatis;
2119 2557 2460 2641 immerito
2499 2569 2709 2659 igitur

572 2693 984 2789 compluries
1035 2695 1397 2765 translator
1445 2695 1593 2788 ipse
1649 2705 2085 2786 nuncupatus
2128 2701 2231 2762 est
2287 2689 2415 2786 (4).
2469 2691 2711 2764 Codex

573 2816 910 2909 pessimus
943 2821 1077 2892 921
1116 2818 1214 2891 sic
1239 2818 1529 2891 desinit=
1563 2847 1596 2883 α
1623 2822 1733 2912 Cy
1753 2813 1963 2913 fault
1992 2830 2061 2887 et
2080 2814 2283 2909 fleme
2319 2816 2600 2887 Ιίἱςιοίνε
2627 2814 2713 2885 de

568 2936 1124 3039 Charlemazgrne
1164 2967 1301 3042 que
1345 2942 1636 3014 maistre
1669 2941 1903 3012 Jekan
1930 2940 2419 3012 translatari.»
2454 2922 2732 3025 Quam-¹

576 3084 786 3157 quam
824 3065 932 3137 isti
970 3067 1192 3139 codici
1226 3088 1367 3139 non
1401 3068 1489 3139 sit
1537 3088 1787 3159 magua
1826 3066 2001 3140 fides
2042 3066 2396 3157 habenda,
2442 3066 2715 3138 videtur

577 3196 807 3262 tamen
854 3192 986 3265 hoc
1033 3214 1311 3284 nomen,
1368 3215 1581 3286 quum
1631 3192 1818 3265 aliud
1875 3192 2326 3281 desideretur,
2376 3190 2715 3285 adoptan-

561 3312 738 3384 ‘dum
781 3314 915 3411 (5).

673 3439 910 3513 Codex
957 3444 1136 3514 1621
1182 3441 1360 3516 hanc
1393 3443 1908 3515 translationem
1938 3444 2266 3534 continet,
2308 3441 2437 3513 sed
2475 3464 2716 3515 coarc-

577 3574 815 3657 tatam,
858 3576 1290 3657 renovatam,
1340 3578 1432 3655 et,
1484 3569 1869 3663 praesertim
1906 3569 1979 3638 in
2018 3568 2184 3658 fine,
2247 3567 2475 3660 longis
2533 3540 2718 3659 frag·-

649 3806 728 3871 (1)
763 3808 868 3861 573
891 3804 958 3873 (fo
989 3807 1134 3876 14⁷),
1158 3810 1269 3863 906
1289 3804 1360 3869 (fo
1383 3805 1537 3880 250),
1569 3811 1708 3863 1444
1735 3804 1804 3873 (fo
1827 3809 1975 3872 115).

653 3890 726 3964 (2)
763 3892 1046 3950 Pessimus
1060 3892 1244 3951 Codex
1262 3898 1371 3951 906
1384 3909 1599 3950 annum
1617 3894 1793 3951 MCVI
1808 3893 2057 3965 prael'ect,
2073 3892 2277 3967 duplici
2300 3894 2493 3953 scribe
2508 3910 2719 3958 errore.
2826 3890 2839 3912 ¹

650 3982 727 4048 (3)
759 3979 897 4035 Vide
919 3979 1144 4052 Lebeul,
1174 3982 1296 4039 loeo
1323 3996 1490 4055 supra
1515 3980 1739 4037 laudato
1758 3979 2112 4054 3Philippum
2140 3984 2417 4050 Mousket,
2444 4000 2497 4041 v.
2518 3989 2720 4057 21704,

580 4072 786 4138 24763;
816 4070 1073 4125 Histoire
1095 4068 1396 4127 litteraire
1421 4068 1497 4127 de
1521 4068 1587 4125 la
1617 4073 1872 4139 France,
1900 4070 2086 4139 XVII,
2116 4076 2240 4127 872.

582 4247 599 4304 Ι
652 4160 732 4315 fo)
762 4158 886 4215 Hoc
904 4157 1023 4229 jam
1045 4158 1365 4216 ostenderat
1383 4159 1618 4215 Daunou
1643 4159 1941 4226 (Histoire
1967 4157 2258 4216 litteraire
2281 4160 2357 4216 de
2380 4160 2445 4216 la
2470 4166 2719 4234 France,

651 4338 728 4403 (5)
763 4334 1147 4393 Inveniebatur
1199 4344 1253 4392 et
1297 4334 1354 4391 in
1395 4334 1504 4392 alio
1545 4332 1737 4391 codice
1782 4352 1953 4411 quem
1995 4335 2238 4393 Fauchet
2270 4352 2384 4410 prae
2434 4354 2493 4397 se
2539 4340 2724 4398 habuit
2773 4297 2780 4304 ὁ

586 4426 901 4492 (afflueres,
926 4428 1034 4480 212
1049 4426 1090 4495 ).
