3700 5700
1472 730 1747 785 -7-

564 884 725 935 nem
760 860 1139 933 Cantilenae
1191 856 1515 944 Rolandi',
1554 859 1673 929 sed
1722 871 1789 931 et
1838 882 2034 933 suam
2093 861 2240 933 fecit
2261 917 2280 949 ‚
2332 861 2704 955 praeferens

562 992 641 1056 ut
679 985 960 1057 omnino
1000 1004 1247 1056 novam
1271 1036 1291 1067 ,
1334 991 1403 1053 et
1450 1003 1612 1055 vere
1655 984 1868 1059 novis
1896 985 2130 1057 fulcire
2171 986 2461 1057 tentavit
2495 1006 2702 1078 argu·
2775 970 2779 977 ’

564 1109 837 1181 mentis.
895 1107 1257 1179 Contendit
1320 1106 1499 1178 enim
1562 1108 1784 1201 primo
1830 1109 2509 1206 Pseudo-Turpinum
2560 1132 2710 1181 non·

567 1233 941 1327 Hispanum
1013 1230 1259 1317 fuisse,
1311 1230 1431 1302 sed
1480 1232 1770 1322 Gallum,
1845 1234 2096 1305 deinde
2150 1255 2306 1305 eum
2353 1234 2704 1307 Callistum

566 1378 815 1452 papam
855 1357 1087 1427 fuisse.
1131 1357 1383 1427 Contra
1410 1354 1833 1449 hispanicam
1883 1356 2217 1449 originem
2271 1358 2714 1461 debilissimis

564 1481 993 1572 argumentis
1027 1479 1287 1551 utitur:
1320 1479 1598 1573 gallicas
1629 1478 1809 1551 enim
1840 1481 2211 1554 locutiones
2249 1482 2510 1574 objicit,
2545 1505 2708 1575 quae

562 1630 704 1680 non
773 1607 1002 1680 minus
1060 1604 1369 1702 hispanae
1417 1629 1621 1700 quam
1679 1607 1924 1679 ceteris
1986 1609 2151 1680 novi
2217 1608 2393 1679 Latii
2454 1608 2708 1701 linguis

560 1744 991 1829 competunt,
1032 1743 1101 1804 et
1140 1733 1627 1827 etymologiam
1690 1736 2122 1802 Francorum
2165 1733 2497 1822 nominis,
2545 1755 2705 1827 quae

432 1834 441 1843 ’
560 1861 628 1931 in
670 1883 793 1944 ea,
833 1870 990 1931 ante
1026 1859 1258 1931 multis
1294 1857 1496 1929 annis
1528 1858 1835 1945 detecta,
1867 1857 2393 1953 interpolatione
2438 1860 2704 1931 Sancti-

561 1985 870 2080 Dionysii
926 1983 1416 2057 monachorum
1473 1982 1848 2054 invenitur.
1920 1983 2163 2056 Melius
2213 1985 2302 2057 de
2367 1984 2694 2057 Callisto:

451 2104 459 2111 ’
560 2110 861 2182 ostendit
896 2108 1077 2180 enim
1124 2106 1336 2203 (quod
1382 2117 1449 2179 et
1487 2108 1602 2178 alii
1646 2110 1972 2199 fecerant)
2025 2110 2240 2179 multa
2289 2109 2362 2179 in
2395 2110 2570 2181 libro
2611 2108 2703 2181 ad

558 2233 1125 2326 glorificationem
1176 2230 1655 2325 Compostellae
1702 2233 2156 2319 tendere,·et,
2195 2232 2388 2325 quod
2441 2254 2698 2305 novum

554 2369 725 2447 erat,
779 2356 1032 2429 Callisti
1077 2357 1397 2440 fratrem,
1432 2355 1893 2427 Raimundum
1923 2356 2532 2449 Burgundionem,
2582 2378 2696 2427 co·

553 2481 788 2552 mitem
838 2480 1044 2553 fuisse
1088 2480 1415 2567 Galletiae,
1453 2480 1933 2573 Compostellae
1976 2480 2420 2565 habitavisse,
2461 2478 2699 2573 sicque

553 2606 823 2678 Callisto
841 2608 953 2678 vel
978 2606 1125 2697 ejus
1158 2605 1467 2698 cognatis
1490 2614 1753 2697 gratam
1782 2606 1990 2677 fuisse
2010 2605 2486 2699 Compostellae
2509 2607 2698 2676 exal-

554 2730 910 2819 tationem,
952 2730 1478 2823 frequentesque
1515 2729 1605 2799 ad
1632 2729 2157 2823 Compostellam
2193 2729 2290 2800 ita
2318 2728 2536 2801 dictas
2563 2755 2695 2825 pe-

552 2855 1066 2950 regrinationes
1094 2855 1318 2926 utiles.
1346 2854 1513 2925 Mox
1539 2853 1886 2926 Callistum
1922 2876 2172 2949 papam
2208 2855 2462 2926 librum
2491 2879 2698 2950 quem

550 2976 701 3072 ipse
764 2980 1315 3074 archiepiscopus
1374 2981 1626 3051 fecerat
1681 2981 2277 3053 commendavisse
2331 2982 2690 3071 narrabat,

551 3125 686 3174 non
736 3104 1039 3176 absurda
1098 3105 1556 3178 conclusione.
1606 3105 1740 3176 Sed
1782 3129 1928 3177 rem
1989 3127 2264 3178 omnem
2317 3105 2696 3179 miserrime

549 3229 768 3300 Genin
808 3227 1134 3323 perdidit,
1169 3251 1382 3321 quum
1410 3238 1480 3331 et
1508 3239 1725 3300 totum
1765 3229 2014 3300 librum
2045 3250 2185 3300 uno
2207 3229 2470 3320 judicio
2501 3253 2690 3304 eom-

549 3351 1011 3446 prehenderit,
1058 3364 1126 3424 et
1159 3355 1363 3444 longe
1406 3352 1723 3425 meliores
1757 3354 1977 3426 allatis
2013 3355 2317 3426 rationes
2364 3357 2692 3450 neglexe-

550 3479 659 3562 rit,
706 3487 775 3548 et
814 3478 1203 3572 pessimum,
1240 3499 1648 3571 magnaeque
1683 3479 1981 3551 levitatis
2013 3480 2530 3570 documentum,
2580 3504 2692 3553 ar·

547 3613 951 3695 gumentum
1024 3602 1401 3674 admiserit.
1460 3606 1697 3675 Exstat
1754 3605 1938 3676 enim
1997 3605 2284 3701 epistola
2343 3607 2685 3690 Gaufridi,

546 3725 893 3799 Vosiensis
938 3725 1215 3822 prioris,
1265 3726 1573 3799 historici
1628 3729 1797 3800 satis
1849 3729 2037 3817 noti,
2084 3752 2221 3822 qua
2277 3730 2560 3825 Turpini
2610 3732 2693 3803 li-

548 3851 776 3940 brum,
820 3849 950 3922 sibi
1002 3873 1221 3946 nuper
1278 3852 1366 3922 ab
1424 3853 1778 3946 Hesperia,
1818 3864 1896 3925 ut
1935 3853 2126 3946 dicit,
2160 3854 2472 3942 allatum,
2505 3858 2689 3928 clero

547 3975 1021 4047 Lemovicensi
1096 3977 1647 4050 commendando
1714 3978 1971 4071 mittit3
2037 4001 2249 4071 quam
2329 3981 2688 4075 epistolam

546 4099 877 4172 Oihenart
906 4100 1124 4172 edidit
1160 4112 1227 4171 et
1262 4102 1470 4195 Bayle
1506 4099 1589 4196 (s.
1624 4125 1694 4171 v.
1743 4101 2036 4199 Tur-pin)
2061 4104 2151 4174 ab
2182 4104 2301 4174 illo
2339 4115 2689 4178 mutuatus

544 4235 648 4296 est
686 4222 815 4320 (1).
850 4223 1025 4308 Quid
1065 4225 1226 4296 inde
1258 4238 1569 4296 secutum
1608 4232 1689 4296 sit
1729 4227 1972 4298 iterum
2009 4228 2210 4300 docet
2245 4251 2452 4323 quam
2494 4231 2688 4302 facile

622 4489 696 4552 (t)
734 4487 933 4544 Exstat
957 4487 1014 4542 in
1041 4486 1229 4544 codice
1258 4488 1398 4544 Bibl.
1430 4490 1570 4563 Imp.
1597 4492 1719 4548 Lat.
1756 4495 1898 4546 5⁴52
1929 4507 1944 4544 ε
1972 4488 2094 4558 vide
2113 4487 2276 4548 infra.
