3700 5700
1981 753 2063 768 ...
2104 723 2181 784 54
2220 751 2302 766 .-

1081 859 1210 958 qui
1209 855 1388 951 sont
1413 855 1500 926 de
1534 882 1612 966 ce
1651 857 1820 928 livre
1857 879 1953 926 un
1980 853 2325 926 ve‘ritable
2348 879 2595 926 roman
2634 854 2721 926 de
2754 855 3165 931 chevalerie.
3183 889 3219 925 n

1081 985 1338 1058 Habuit
1375 1003 1623 1078 nempe
1664 981 1889 1055 editor
1931 983 2108 1055 sexti
2158 979 2407 1054 decimi
2462 981 2698 1054 saeculi
2742 1003 2887 1077 prae
2924 983 2997 1056 s'e
3030 985 3222 1058 codi-

1081 1129 1230 1181 cem
1290 1107 1494 1202 plane
1550 1106 1795 1179 iisdem
1849 1103 2499 1202 interpolationibus
2549 1105 2979 1179 laborantem
3018 1119 3223 1204 atque

1081 1235 1288 1308 ambo
1329 1253 1505 1326 quos
1543 1253 1754 1327 supra
1784 1229 2145 1326 descripsi,
2188 1231 2736 1325 sanctonicoque
2767 1235 3025 1306 restitui
3068 1257 3222 1309 mo-

1079 1355 1350 1448 nach03
1394 1377 1552 1427 eum
1599 1353 2173 1454 tamennpaulum
2205 1352 2509 1448 quidem,
2548 1355 2949 1443 coarctavit,
2993 1367 3058 1428 et
3093 1357 3221 1428 lin-

1083 1504 1291 1576 guam
1321 1481 1576 1552 saeculo
1603 1501 1730 1552 suo
1761 1477 2337 1552 accommodavit.
2370 1477 2589 1569 Hujus
2616 1480 3043 1552 renovatoris
3074 1501 3226 1574 pro·

1083 1610 1316 1702 logum
1368 1619 1634 1700 operae‘
1670 1603 1965 1699 pretium
2024 1601 2301 1674 videtur
2358 1603 2833 1695 transcribere,
2897 1627 3111 1698 quum
3156 1615 3225 1676 et

1081 1753 1238 1806 eum
1276 1727 1559 1822 antiquo
1579 1726 1756 1800 libro
1781 1747 1987 1796 usum
2012 1741 2163 1796 esse
2200 1733 2513 1810 testetur,
2542 1735 2610 1796 et
2634 1724 2961 1820 temporis
2987 1725 3219 1818 hujus,

1077 1877 1220 1954 quo
1263 1875 1505 1927 omnes
1560 1873 1779 1947 nuper
1832 1857 2307 1944 recuperatam
2360 1847 2839 1940 antiquitatem
2894 1858 2969 1921 ut
3028 1851 3222 1945 pueri

1077 1979 1548 2069 imitabantur,
1591 1973 1948 2066 ingenium
1998 1971 2339 2063 redoleat;
2386 1982 2747 2066 postquam
2788 1973 2972 2044 enim
3012 1972 3223 2045 Fran·

1075 2110 1336 2182 ciscum
1367 2123 1600 2195 regem
1639 2101 1740 2173 'sic
1774 2097 2114 2172 allocutus
2158 2096 2415 2169 fuerit·
2471 2125 2505 2162 α
2558 2103 2623 2165 A
2666 2111 2806 2166 tres
2849 2096 3215 2182 excellent,

1075 2223 1556 2354 superaellustre
1589 2240 1661 2296 et
1697 2239 1840 2294 tres
1882 2221 2231 2293 chrestien
2274 2245 2405 2315 roy
2436 2215 2523 2292 de
2558 2223 2841 2292 France
2890 2223 3226 2312 Fraus-0125

1068 2358 1385 2458 premier
1410 2353 1497 2424 de
1531 2377 1611 2423 ce
1641 2373 1831 2434 nom,
1873 2374 1960 2419 en
1988 2363 2181 2419 toute
2208 2345 2583 2418 obedience
2618 2363 2689 2418 et
2718 2345 3003 2424 humble
3032 2374 3223 2420 reve-

1079 2507 1304 2565 rence,
1350 2477 1545 2550 salut
1580 2491 1653 2548 et
1672 2473 1982 2571 filzcice‘,
2018 2498 2055 2542 n
2106 2472 2198 2544 ita
2254 2469 2494 2567 incipit
2532 2481 2767 2544 noster
2817 2503 2834 2544 ε
2894 2503 2927 2538 α
2970 2480 3225 2544 Deme-

1075 2609 1254 2680 trius
1319 2600 1714 2675 Phalereus
1765 2597 1953 2668 avoit
2013 2594 2100 2665 de
2154 2609 2517 2666 coustume
2583 2593 2827 2690 (ainsi
2882 2623 3019 2697 que
3084 2615 3219 2670 tes-

1075 2735 1350 2834 moigne
1373 2722 1786 2827 Plutarche)
1804 2723 2266 2793 admonesler
2280 2717 2660 2828 Ptoleme'e,
2691 2745 2822 2818 roy
2844 2720 3215 2823 cl'Egrpce,

1073 2858 1120 2929 ὰ
1163 2883 1243 2929 ce
1289 2852 1460 2955 qu’il
1493 2866 1654 2924 eust
1699 2847 1803 2919 les
1843 2845 2049 2918 liures
2092 2843 2375 2945 esquelz
2410 2845 2708 2916 estoient
2743 2847 3077 2945 escreples
3121 2847 3223 2919 les

1069 2986 1421 3082 hystoires
1483 2995 1554 3051 et
1625 2972 1884 3048 beaulx
1934 2971 2162 3069 faictz
2226 2970 2349 3042 des
2420 2968 2663 3041 ‘nobles
2730 2988 2800 3043 el
2862 2972 3220 3047 vaillantz

1065 3112 1349 3210 princes
1393 3104 1489 3178 du
1531 3120 1754 3201 temps
1786 3097 2057 3197 pas-sd,-
2094 3126 2135 3181 ,³³
2178 3118 2387 3191 quem
2427 3095 2645 3167 fusius
2680 3108 2747 3170 et
2790 3098 3111 3173 Historiae
3156 3110 3224 3174 et

1073 3236 1294 3310 Caroli
1327 3231 1564 3324 Magni
1601 3228 1846 3300 laudes
1892 3224 2333 3297 evolventem
2381 3243 2523 3294 non
2578 3244 2972 3316 sequemur.
3020 3226 3223 3299 Redit

969 3438 972 3441 ,
1076 3362 1355 3447 tandem
1405 3357 1496 3430 ad
1537 3353 1915 3449 Turpinum
1968 3378 1987 3420 ε
2041 3376 2075 3412 α
2132 3352 2260 3419 Ces
2311 3342 2558 3416 choses
2606 3350 2799 3418 ainsi
2840 3375 2987 3447 par
3046 3376 3223 3424 nous

1072 3486 1622 3557 succinctement
1649 3472 2037 3549 recueillies
2070 3486 2234 3542 sont
2260 3462 2429 3567 plus
2456 3470 2891 3567 amplement
2920 3496 3220 3544 comme-

1072 3612 1343 3685 more‘es
1369 3624 1440 3679 et
1471 3605 1857 3703 descripte-s
1873 3624 2023 3701 par
2056 3591 2105 3671 l’
2106 3623 2228 3669 arc
2228 3598 2568 3695 laevesque
2598 3600 2864 3695 Turpia
2894 3624 2981 3671 en
3010 3598 3056 3669 l’
3061 3600 3223 3692 hys·

1075 3734 1252 3807 loire
1276 3758 1376 3833 qu
1381 3728 1462 3802 ’il
1505 3755 1554 3799 a
1568 3724 1809 3825 faicte
1850 3750 1939 3795 en
1984 3722 2191 3805 latin,
2249 3721 2555 3820 laquelle
2582 3720 2635 3819 j
2636 3724 2749 3814 ’ay
2799 3722 3017 3793 voulu
3066 3740 3221 3794 tra-

1077 3856 1302 3958 duyre
1359 3882 1450 3927 en
1505 3869 1738 3925 nostre
1781 3849 2112 3951 vulgaire
2141 3846 2520 3945 franceis,
2577 3862 2731 3917 tant
2779 3848 2827 3917 ὰ
2875 3872 3088 3919 cause
3126 3846 3219 3919 du

1065 4008 1284 4085 passe
1313 3998 1538 4077 temps
1561 3975 1648 4046 de
1677 3998 1889 4060 vous,
1916 3974 2090 4054 Sire,
2127 3994 2263 4070 que
2292 3966 2379 4040 de
2416 3986 2571 4041 cous
2594 3963 2834 4041 nobles
2856 3996 3221 4069 sezgneurs

1067 4108 1332 4213 gentelz
1360 4105 1679 4176 hommes
1705 4098 1830 4197 qui
1853 4107 1979 4168 ont
2012 4088 2355 4187 affection
2376 4086 2466 4159 de
2498 4095 2941 4190 congnozstre
2972 4092 3074 4166 les
3097 4122 3219 4168 no-

1075 4234 1221 4305 bles
1255 4230 1478 4314 saictz
1504 4241 1574 4296 et
1596 4221 1880 4293 laeaulles
1907 4233 2051 4288 ent}
2054 4239 2375 4313 Nepunses
2413 4210 2617 4285 dudit
2656 4240 2783 4311 roy
2816 4215 3117 4289 Chat-les
3156 4218 3220 4289 le

1083 4364 1332 4431 Granc.
1387 4358 1453 4425 V
1450 4376 1580 4421 ous
1625 4346 2015 4445 suppleant,
2058 4344 2237 4425 Si,re
2250 4344 2345 4413 si
2386 4366 2473 4411 en
2508 4341 2585 4412 la
2635 4338 3031 4413 traduction
3060 4368 3131 4437 y
3172 4370 3219 4413 a

1076 4479 1372 4552 ‹culcune
1398 4472 1640 4570 saulce
1675 4495 1769 4542 ou
1799 4491 2056 4549 erreur,
2092 4480 2333 4537 vostre
2364 4462 2585 4537 doulx
2616 4480 2684 4535 et
2722 4462 2933 4536 henin
2960 4464 3224 4564 regard
