3700 5700
1484 713 1566 726 -..
1604 679 1682 742 ⁶3
1724 709 1803 724 ....

571 815 770 905 liber,
821 837 996 908 quas
1037 835 1402 890 numerare
1429 812 1674 909 'operae
1723 809 2017 906 pretium
2054 829 2190 881 non
2228 817 2350 880 est.
2395 807 2707 922 Sufficiat

568 945 943 1018 Robertum
997 945 1262 1038 Gaguin
1323 943 1704 1030 nominare,
1765 941 1886 1034 qui
1918 939 2125 1012 etiam
2174 936 2299 1010 sed
2337 933 2704 1028 immerito,

571 1068 782 1140 solius
830 1069 1109 1164 Tur-pini
1176 1069 1688 1142 translationem
1757 1062 2247 1157 conscripsisse
2320 1071 2699 1158 reputatur.

573 1189 764 1266 Alias
815 1193 965 1266 dixi
1013 1193 1104 1266 de
1153 1193 1386 1268 libello
1432 1192 1545 1267 cui
1597 1191 1832 1266 titulus
1863 1186 2085 1260 :ntes
2128 1187 2565 1285 conquestos
2618 1185 2708 1259 de

575 1315 1090 1417 Chat-lemageoe
1123 1349 1188 1404 n,
1224 1320 1331 1392 vel
1371 1347 1406 1386 α
1431 1317 1788 1390 Fierabras
1813 1345 1877 1404 ι,
1912 1316 2113 1405 cujus
2141 1297 2408 1386 tertiam
2440 1323 2701 1408 partem

574 1443 914 1537 Turpinus
945 1442 1176 1518 efficit.
1223 1444 1614 1518 Translatus
1643 1441 1769 1513 iste
1803 1441 1877 1512 in
1904 1438 2329 1534 hispanicam
2372 1446 2444 1509 et
2478 1437 2707 1530 angli·

572 1587 720 1640 cam
760 1567 1066 1659 linguam
1100 1567 1479 1663 Turpinum
1523 1567 1596 1639 in
1638 1566 1770 1638 illis
1811 1583 2093 1661 quoque
2130 1563 2533 1668 regionibus
2573 1583 2707 1634 no·

574 1698 718 1762 tum
765 1691 945 1764 fecit.
1069 1701 1081 1711 ‘

669 1811 1077 1884 Provinciali
1119 1813 1352 1904 lingua
1390 1814 1791 1885 translatum
1824 1809 2033 1886 fuisse
2069 1833 2178 1884 me
2210 1833 2433 1907 nuper
2472 1810 2729 1883 docuit-

570 1937 820 2010 Paulus
866 1939 1130 2034 Meyer,
1180 1939 1300 2034 qui
1339 1940 1410 2010 in
1452 1938 1850 2011 Britannico
1890 1941 2150 2012 Musaeo
2192 1939 2479 2014 Loudini
2510 1937 2711 2012 codi-

572 2083 724 2134 cem
764 2064 935 2136 vidit
979 2076 1178 2138 antea
1206 2065 1545 2157 ignotum.

671 2188 991 2262 Germani
1048 2189 1300 2260 saeculo
1338 2197 1540 2264 sexto
1568 2187 1837 2261 decimo
1869 2187 2149 2282 Turpini
2194 2188 2708 2262 translationem

575 2309 756 2406 typis
817 2311 1262 2402 mandavere,
1321 2312 1514 2403 quus
1568 2306 1834 2382 titulum
1889 2311 2241 2406 quondam
2293 2312 2465 2401 vidi,
2524 2334 2714 2384 nunc

575 2457 810 2506 rursus
840 2437 1098 2508 habere
1136 2458 1269 2508 non
1311 2436 1523 2532 potui.
1558 2436 1827 2510 Nostris
1861 2437 2287 2532 temporibus
2325 2437 2713 2510 Fridericus

573 2559 880 2652 Schlegel
917 2559 1106 2631 illum
1140 2561 1206 2630 in
1237 2583 1484 2655 parvas
1520 2561 1898 2634 cantilenas
1921 2561 2289 2652 distribuit,
2324 2585 2517 2634 more
2547 2585 2713 2666 poe·

574 2681 668 2754 sis
695 2683 1155 2780 Hispanorum
1186 2685 1432 2780 epicae,
1479 2685 1967 2779 germanisque
2003 2683 2319 2762 versibus
2363 2685 2708 2762 tractavit.

573 2807 710 2881 Sed
761 2819 828 2881 et
871 2819 1071 2882 antea
1117 2809 1290 2882 libro
1343 2809 1533 2883 dicto
1583 2804 1774 2881 Karl
1821 2811 2091 2882 Mee'net
2139 2810 2408 2904 poetica
2454 2809 2711 2882 inserta

578 2932 800 3004 fuerat
856 2933 1209 3005 translatio
1255 2932 1386 3025 (1),
1436 2931 1752 3006 batavica
1808 2955 1979 3008 vero
2028 2933 2311 3006 Ioannis
2355 2934 2443 3006 de
2488 2935 2711 3006 Maer-

573 3058 715 3130 lant
749 3067 817 3129 et
851 3056 1133 3130 Ioannis
1167 3056 1407 3129 Clerici
1445 3057 2047 3151 compilationibus
2073 3055 2439 3145 historicis,
2492 3057 2604 3130 vel
2641 3056 2713 3130 iu

573 3182 724 3253 aliis
774 3178 1107 3273 ejusmodi
1155 3179 1481 3274 operibus
1535 3182 1729 3272 cujus
1784 3180 2175 3277 praecipuus
2221 3180 2376 3252 fons
2424 3178 2717 3252 Vincen-

574 3306 704 3378 tius
731 3315 876 3377 erat
901 3304 1433 3377 Bellovacensis.
1466 3304 1671 3399 Angli
1690 3305 2071 3400 Turpinum
2102 3285 2449 3377 et'saeculo
2472 3303 2715 3400 quinto

571 3412 840 3505 decimo
875 3432 943 3503 in
977 3432 1416 3506 translatione
1449 3432 1602 3505 libri
1637 3432 1802 3505 dicu
1834 3430 2223 3507 Fterabms
2254 3454 2377 3529 per
2403 3434 2517 3503 w,
2544 3435 2719 3506 cax-

571 3567 691 3628 ton
727 3555 834 3653 (2)
886 3566 954 3628 et
1005 3566 1240 3629 nostro
1290 3577 1448 3630 aevo
1499 3554 1977 3653 (MDCCCXH)
2029 3576 2153 3655 per
2185 3557 2483 3628 Thomas
2515 3554 2714 3627 Rodd

570 3700 767 3749 suum
821 3680 1148 3751 fecerunt.
1207 3678 1685 3753 Scandinavus
1739 3680 1919 3754 tertii
1978 3676 2230 3753 decimi
2278 3676 2516 3753 saeculi
2575 3676 2715 3749 de-

570 3805 856 3876 sinentis
907 3816 1175 3895 auctor,
1233 3808 1351 3900 qui
1401 3807 1811 3879 veteriorem
1870 3806 2108 3877 Caroli
2174 3805 2423 3903 Magni
2474 3804 2711 3873 Heli-to-

569 3926 750 3995 rtam
773 3929 1192 4023 compilavit,
1228 3928 1605 4025 Turpinum
1635 3947 1919 4023 quoque
1946 3928 2159 4025 epicis
2201 3926 2711 4003 narrationibus

570 4052 844 4125 miscuit
877 4053 1042 4151 (3).
1105 4056 1248 4127 Itali
1315 4053 1591 4150 proprie
1649 4055 2168 4127 translationem
2226 4051 2510 4149 Turpini
2573 4071 2710 4124 non

638 4275 712 4347 (1)
749 4278 833 4331 De
860 4274 968 4333 hoc
996 4274 1140 4333 libro
1168 4274 1294 4333 vide
1323 4279 1582 4333 Histoire
1605 4278 1877 4349 poetique
1909 4275 1982 4333 de
2021 4273 2476 4346 Clean-lemane,
2501 4288 2556 4345 p.
2585 4276 2708 4331 12⁷.

520 4392 527 4402 ·
641 4365 715 4436 (2)
749 4363 891 4421 Vide
918 4367 1077 4422 Hist.
1103 4364 1252 4437 poet.
1282 4364 1355 4421 de
1382 4363 1839 4437 Chaa-lemque,
1865 4378 1923 4437 p.
1956 4369 2079 4421 157.

645 4453 716 4525 (3)
745 4453 830 4510 De
856 4452 946 4509 illa
971 4451 1642 4527 Karlamaqn‘its·Saqa,
1659 4452 1784 4510 vide
1807 4452 1911 4521 ib„
1936 4469 1992 4525 p.
2025 4458 2146 4510 140.
