3700 5700
1488 744 1572 762 ....
1609 718 1695 778 29·
1725 748 1807 763 .-

676 846 824 917 Jam
880 848 1229 920 nonnullis
1276 847 1594 920 ostendit
1652 850 1918 921 Lebeuf
1971 844 2387 939 argumentis
2447 853 2717 935 tempus

579 968 756 1041 circa
788 968 991 1043 finem
1026 972 1367 1043 undecimi
1396 972 1623 1044 saeculi
1655 972 1763 1043 vel
1800 972 2067 1043 initium
2105 967 2493 1043 duodecimi
2530 986 2720 1059 quae-

578 1094 897 1167 rendum.
948 1097 1027 1166 In
1066 1097 1364 1191 capitulo
1401 1118 1646 1191 nempe
1676 1098 1832 1168 XlV
1865 1095 2343 1168 describuntur
2379 1121 2412 1157 α
2438 1091 2720 1164 ordines

580 1220 699 1312 qui
738 1227 934 1291 erant
975 1218 1047 1289 in
1081 1221 1404 1292 convivio
1429 1221 1651 1293 Caroli
1676 1250 1737 1305 »ς
1773 1220 1964 1293 videt
1991 1218 2466 1311 Aigolandus«
2495 1238 2716 1309 quos-
2830 1232 2835 1236 ·

579 1341 739 1413 dam
790 1342 1028 1414 babitu
1072 1346 1456 1425 monachali
1490 1355 1639 1419 atro
1680 1355 1923 1433 tectos,
1971 1343 2304 1438 quosdam
2341 1340 2718 1414 canonicali

502 1526 505 1529 .
580 1465 816 1539 babitu
870 1468 1181 1558 indutos,
1233 1471 1574 1563 quosdam
1622 1470 1914 1543 clericali
1954 1468 2192 1541 habitu
2236 1478 2448 1573 tectos
2490 1493 2561 1536 ι.
2610 1468 2722 1537 In-

584 1593 961 1684 terroganti
1011 1594 1132 1688 qui
1188 1595 1323 1667 sint
1387 1596 1758 1691 respondet
1810 1595 2088 1667 Carolus
2133 1620 2148 1665 :
2201 1622 2235 1658 α
2281 1593 2470 1678 Quos
2522 1590 2720 1663 vides

578 1715 785 1786 unius
815 1718 1065 1790 coloris
1107 1719 1386 1792 indutos
1414 1720 1717 1815 episcopi
1752 1730 1819 1792 et
1852 1703 2238 1794 sacerdotes
2264 1727 2521 1789 nostrae
2553 1714 2720 1805 legis

579 1849 738 1911 sunt
744 1890 1023 1913 .........
1048 1833 1236 1927 Quos
1265 1843 1505 1915 habitu
1536 1854 1686 1916 atro
1721 1844 1944 1935 videS,
1977 1841 2297 1915 monachi
2336 1850 2406 1913 et
2439 1839 2722 1912 abbates

581 1960 677 2030 illi
721 1963 1093 2035 sanctiores
1128 1977 1285 2035 sunt
1296 2016 1467 2037 ......
1506 1966 1696 2049 Quos
1742 1965 1974 2037 habitu
2017 1964 2311 2037 candido
2339 1962 2722 2049 videS‚>ca·

582 2085 811 2157 nonici
856 2088 1203 2177 regulares
1256 2088 1605 2160 dicuntur.
1636 2119 1671 2155 >2
1734 2089 1936 2175 Quod
1997 2088 2370 2161 monachos
2428 2095 2720 2159 tantum-

578 2208 788 2281 modo
830 2211 1097 2303 nigrOS,
1166 2212 1355 2306 quod
1416 2214 1787 2286 canonicos
1834 2213 2132 2285 candido
2189 2211 2468 2283 indutos
2518 2209 2722 2282 vesti·

578 2345 811 2406 mento
853 2337 1124 2407 noverit
1160 2352 1434 2426 auctor,
1478 2339 1713 2409 abbati
1751 2338 2019 2409 Lebeuf
2058 2337 2528 2411 indiciumest
2562 2357 2720 2407 eum

579 2457 761 2531 circa
788 2458 992 2531 finem
1012 2460 1362 2533 undecimi
1396 2449 1631 2533 saeculi
1660 2461 2012 2556 scripsisse
2038 2459 2167 2556 (1).
2201 2457 2392 2531 Idem
2421 2458 2724 2531 ostendit
2812 2523 2820 2540 ,

579 2581 654 2653 in
682 2586 980 2679 capitulo
1006 2586 1167 2657 xlx
1192 2585 1560 2680 disputatio
1588 2586 1998 2685 theologica,
2035 2586 2107 2656 in
2137 2608 2272 2679 qua
2303 2593 2463 2685 ante
2489 2583 2722 2657 omnia

579 2708 922 2781 Trinitatis
973 2709 1236 2803 dogma
1266 2711 1655 2785 defenditur
1707 2722 1777 2785 et
1825 2712 2210 2807 explicatur
2267 2737 2284 2782 ε
2349 2710 2481 2781 hoc
2538 2709 2718 2780 enim

523 2855 527 2860 ·
580 2846 893 2932 spectare
932 2837 1205 2911 videtur
1250 2838 1333 2911 ad
1371 2838 1846 2911 refutationem
1895 2836 2260 2925 Roscelini‚
2302 2834 2448 2929 qui,
2489 2844 2568 2906 ut
2599 2857 2724 2908 no-

580 2970 726 3066 tum
776 2973 903 3054 est,
960 2963 1047 3036 de
1100 2964 1426 3038 Trinitate
1480 2939 1827 3038 erraverat
1883 2975 1952 3036 et
2007 2985 2192 3037 anno
2233 2960 2478 3034 MXCII
2523 2959 2719 3032 dam-

580 3100 783 3158 natus
827 3088 982 3159 fuit.
1039 3180 1045 3187 ο
1672 3154 1677 3160 .
2625 3095 2632 3100 ’

676 3213 1058 3307 Capitulum
1088 3214 1488 3290 vicesimum
1520 3238 1627 3288 res
1658 3214 2274 3309 Compostellenses
2306 3232 2581 3284 rursum
2618 3221 2720 3282 at·

582 3337 816 3428 tingit,
880 3338 1300 3434 alteramque
1353 3339 1576 3411 Caroli
1620 3340 1853 3433 Magni
1910 3339 2001 3412 ad
2056 3339 2454 3433 sepulcrum·
2507 3337 2718 3408 sancti

446 3523 455 3530 .
578 3461 812 3534 Jacobi
841 3462 1023 3535 viam
1056 3475 1318 3551 narrat,
1348 3485 1672 3557 novaque
1700 3465 1844 3556 ejus
1870 3465 1939 3534 in
1964 3463 2313 3534 basilicam
2340 3463 2720 3534 benefacta.

580 3586 718 3659 Sed
752 3597 1087 3681 quantum
1122 3589 1240 3661 illa
1276 3610 1317 3661 a
1352 3589 1697 3685 prioribus
1737 3583 2026 3662 distant!
2071 3589 2223 3660 Non
2260 3589 2403 3679 jam
2437 3567 2729 3661 &tintin-

579 3712 851 3784 nabulis
885 3724 953 3785 et
990 3713 1247 3809 palliis,
1316 3715 1505 3786 libris
1558 3714 1941 3807 ceterisque
1975 3711 2392 3786 ornamentis
2424 3741 2458 3776 »
2499 3712 2725 3783 Eccle-

579 3837 751 3908 siam
787 3838 973 3910 illam
1008 3838 1206 3929 beat,
1260 3839 1419 3928 sed,
1476 3868 1511 3904 α
1535 3839 1919 3913 coadunato
1952 3839 2024 3910 iu
2059 3839 2231 3909 urbe
2263 3837 2721 3930 compostella

582 3963 1062 4059 episcoporum
1086 3975 1155 4038 et
1182 3965 1565 4060 principum
1588 3965 1912 4055 concilio,
1945 3965 2260 4050 instituit,
2280 3985 2518 4037 amore
2536 3964 2723 4037 beati

580 4088 841 4181 Jacobi,
884 4090 1076 4182 quod
1110 4091 1336 4172 cuncti
1371 4092 1699 4187 praesules
1738 4101 1809 4164 et
1841 4090 2190 4187 principes
2220 4099 2289 4161 et
2315 4110 2515 4182 reges
2547 4089 2724 4162 chri-

582 4211 811 4304 stiani,
843 4213 1127 4309 Hispani
1154 4216 1412 4288 scilicet
1446 4227 1517 4289 et
1550 4215 1936 4304 Galletiani,
1968 4197 2342 4309 praesentes
2383 4227 2451 4288 et
2489 4213 2722 4300 futuri,

653 4487 731 4554 (t)
766 4487 918 4543 Hist.
943 4485 1134 4546 Acad.
1154 4491 1367 4556 lmen,
1399 4486 1444 4545 l.
1474 4487 1514 4544 l.
