3700 5700
1858 668 2184 780 -12-'

952 851 1291 946 posterior
1320 853 1800 947 supplementa
1828 857 2158 949 quaedam
2202 878 2363 952 quae
2400 857 2827 946 Lambecius,
2874 879 2915 928 e
2942 857 3091 928 Cae-
3126 847 3133 859 ’

953 998 1151 1049 sareo
1197 977 1472 1065 codice,
1514 977 1583 1050 in
1619 991 1803 1052 tomo
1837 983 2141 1056 seeundo
2168 1005 2446 1056 suorum
2486 983 2558 1054 in
2604 982 3097 1056 Bibliothecam

953 1102 1555 1177 vindobonensem
1591 1109 2236 1181 commentariorum
2258 1160 2276 1196 ,
2314 1108 2567 1204 publici
2604 1108 2779 1200 juris
2813 1109 3101 1183 fecerat,

956 1229 1440 1323 Kollariusque
1467 1231 1824 1304 recuderat
1844 1233 1917 1302 in
1941 1261 1973 1296 α
1994 1234 2339 1306 Analectis
2361 1233 3032 1306 vindobonensibus.
3057 1261 3095 1298 ιι

1051 1354 1228 1427 Vere
1287 1365 1517 1426 autem
1579 1357 1780 1427 aliam
1839 1358 2209 1431 editionem
2264 1358 2494 1447 dedit,
2542 1366 2617 1429 ut
2671 1379 2879 1451 supra
2950 1379 3098 1429 me-

961 1481 1268 1566 moravi,
1319 1481 1705 1570 Florentiae,
1765 1505 1950 1556 anno
2015 1484 2243 1572 1822,
2298 1483 2742 1566 Sebastianus
2796 1482 3099 1576 Ciampi,

961 1625 1103 1675 non
1152 1605 1338 1698 quod
1386 1627 1624 1677 omnes
1671 1609 1781 1679 vel
1829 1609 2069 1681 saltem
2116 1610 2498 1703 complures
2536 1608 2871 1681 evolverit
2918 1605 3105 1679 codi-

957 1749 1098 1817 ceS,
1157 1728 1280 1800 sed
1330 1729 1574 1802 librum
1623 1732 1977 1825 sequendo
2030 1732 2149 1826 qui
2188 1753 2229 1803 a
2262 1731 2685 1804 Schardiano
2729 1730 3107 1803 Reuberia-

961 1843 1192 1945 noque
1227 1875 1366 1925 non
1395 1876 1635 1949 parum
1678 1855 2001 1928 distabat.
2044 1857 2271 1942 Quum
2313 1877 2483 1948 ergo
2522 1865 2821 1950 quatuor
2847 1856 3107 1950 priores

936 1975 1300 2074 ,editiones
1331 2000 1469 2049 uno
1501 1979 1889 2072 eodemque
1913 1980 2178 2070 judicio
2204 1980 2889 2076 comprehendamus,
2934 2001 3106 2050 una-

964 2123 1098 2195 que
1140 2102 1364 2175 littera
1405 2102 1518 2199 (R)
1561 2105 1631 2176 in
1680 2115 1999 2178 secutura
2034 2103 2461 2178 discussione
2500 2115 2843 2193 notemuS,
2884 2105 3106 2176 Ciam-

964 2225 1168 2319 piana
1227 2237 1296 2297 et
1357 2249 1429 2298 re
1481 2227 2082 2320 distinguenda'et
2138 2228 2273 2300 alio
2322 2229 2519 2320 signo
2577 2227 2684 2324 (C)
2742 2229 3111 2301 indIcanda

965 2351 1115 2421 erit.
1154 2351 1536 2423 Dolendnm
1589 2365 1688 2423 est
1741 2365 1968 2424 tamen
2020 2353 2211 2424 illum
2246 2353 2581 2426 editorem
2636 2352 2860 2425 codici
2905 2375 3109 2446 quem

969 2499 1106 2570 prae
1143 2498 1216 2548 sc
1255 2476 1557 2548 habebat
1609 2499 1749 2549 non
1799 2500 1874 2549 se
1911 2499 2178 2572 semper
2216 2479 2645 2564 submisisse,
2692 2479 2816 2550 sed
2852 2478 3115 2550 Reube-
3166 2467 3175 2475 ’

969 2603 1142 2673 riani
1173 2612 1404 2674 textus
1437 2603 1760 2675 lectiones
1788 2606 2045 2697 saepius
2080 2605 2146 2673 in
2192 2625 2394 2673 suum
2436 2603 2817 2696 admisisse,
2848 2603 3115 2697 hocque

967 2748 1108 2798 non
1137 2729 1371 2814 semel,
1410 2728 1585 2800 sicut
1620 2729 1766 2823 ipse
1797 2725 2073 2814 ¹fatetur,
2109 2729 2410 2800 silenter.
2446 2711 2660 2801 Valde
2698 2750 2924 2823 operae
2956 2748 3114 2822 pre-

968 2852 1134 2925 tium
1190 2864 1398 2943 esset,
1453 2854 1803 2927 codicibus
1856 2854 2269 2949 comparatis
2318 2862 2385 2925 et
2448 2854 2565 2925 illa
2622 2865 2817 2950 parte
2870 2853 3117 2928 criticae

969 2980 1132 3050 artis
1201 2980 1505 3052 adhibita
1567 3004 1727 3074 quae
1795 2981 1867 3051 in
1938 2980 2376 3053 recensendis
2447 2980 2637 3050 libris
2724 2987 3112 3066 exercetur,

973 3104 1252 3195 tandem
1302 3104 1906 3203 Pseudo-Turpini
1957 3106 2212 3176 bonam
2257 3104 2425 3176 dare
2471 3104 2877 3191 editionem,
2908 3122 3119 3195 quam

973 3229 1198 3300 adhuc
1230 3230 1509 3301 minime
1532 3229 1993 3323 possidemus.

1072 3354 1359 3425 Codices
1402 3367 1715 3425 numerat
1757 3354 2110 3445 Augustus
2164 3353 2505 3439 Po-tthast,
2543 3353 2613 3423 in
2656 3352 2834 3425 libro
2876 3354 2987 3424 cui
3048 3356 3123 3423 ti-

979 3482 1160 3552 tulus
1195 3510 1226 3543 α
1257 3479 1680 3551 Bibliotheca
1725 3479 2050 3551 historica
2102 3456 2312 3551 medii
2353 3479 2488 3551 aevi
2526 3458 2590 3568 iv,
2634 3478 2902 3550 circiter
2928 3480 3011 3565 L;
3050 3480 3123 3549 in

976 3606 1230 3698 quibus
1317 3603 1762 3676 numerandis
1839 3604 2071 3699 potius
2144 3603 2313 3675 citra
2389 3603 2747 3675 veritatem
2800 3604 3128 3674 remansit

977 3752 1183 3825 quam
1246 3732 1427 3801 ultra
1490 3750 1897 3825 progressus
1962 3740 2087 3801 est.
2160 3728 2497 3823 Equidem
2562 3728 2631 3797 in
2705 3726 3128 3800 Bibliotheca

976 3857 1316 3951 Imperiali
1371 3857 1732 3928 Parisiensi
1784 3858 1914 3929 XX
1975 3855 2287 3951 inspexi,
2348 3855 2509 3947 qui,
2562 3854 2663 3924 uti
2720 3856 2925 3948 paulo
2973 3868 3127 3950 post

979 3983 1395 4069 videbimus,
1444 4004 1578 4053 non
1635 3980 1873 4076 paucis
1928 3982 2373 4052 inveniuntur
2426 3978 2496 4048 in
2558 3979 2765 4051 rebus
2811 3979 3114 4053 differre.

977 4108 1234 4199 Viginti
1286 4128 1454 4205 ergo
1523 4122 1588 4178 et
1652 4108 1840 4195 duc,
1904 4130 2059 4177 cum
2116 4105 2543 4177 Reuberiana
2604 4114 2673 4176 et
2730 4104 3117 4199 Ciampiana

979 4231 1418 4317 editionibuS,
1459 4240 1690 4303 textus
1732 4231 2091 4320 habemus,
2136 4230 2257 4322 qui
2306 4240 2531 4301 tamen
2568 4232 2772 4323 paulo
2810 4230 3123 4301 exactius

981 4360 1478 4455 introspicienti
1509 4378 1648 4431 non
1695 4360 1791 4431 ita
1828 4360 2022 4431 multi
2069 4369 2427 4454 apparent.
2474 4361 2595 4431 Est
2632 4360 2815 4431 enim
2858 4360 3123 4451 aliquas

979 4481 1313 4553 librorum
1351 4480 1734 4552 discernere
1761 4480 2074 4551 familias.
2110 4479 2259 4552 Hoc
2285 4490 2516 4551 tamen
2548 4500 2689 4551 non
2721 4502 2951 4553 meum
2988 4490 3115 4571 est,
