3700 5700
1394 736 1473 749 —-
1514 706 1589 765 19
1627 735 1706 750 —
1791 702 1795 706 ’

498 839 871 932 quamdam
904 839 1513 931 supernaturalem,
1548 838 1661 909 alii
1701 836 1963 907 stellam
1994 855 2134 906 non
2161 821 2618 904 Theodomiro

498 959 747 1057 primO,
784 963 907 1035 sed
944 961 1331 1057 pastoribus
1363 960 1763 1055 apparuisse
1794 988 1811 1030 ι
1842 957 2160 1029 Historia
2195 953 2646 1053 compostel-1

500 1085 711 1176 lana,
766 1088 1075 1159 omnium
1131 1085 1635 1179 antiquissima,
1704 1085 1880 1157 sicut
1929 1083 2284 1157 retulimus
2333 1080 2641 1177 narrat.)

405 1254 410 1259 -
498 1212 824 1285 Nuntiato
867 1212 1073 1305 igitur
1116 1211 1431 1307 prodigio
1470 1221 1539 1283 et
1576 1210 1749 1282 miro
1774 1198 2110 1283 's‘uccessu
2143 1230 2271 1280 rex
2307 1208 2646 1290 All'onsus

476 1336 702 1436 *lriam
752 1338 977 1425 venit,
1040 1337 1427 1431 sepulcrum
1478 1335 1747 1427 invisit,
1808 1344 1878 1407 et
1933 1334 2288 1407 ecclesiam
2328 1332 2632 1426 insuper,

501 1484 785 1557 parvam
822 1472 889 1533 et
924 1462 1168 1533 rudem
1200 1462 1505 1556 quidem,
1548 1460 1981 1551 instauravit,
2028 1459 2140 1531 cui
2181 1458 2387 1531 etiam
2421 1466 2650 1530 terras·

503 1587 714 1659 dedit.
767 1588 928 1659 Mox
968 1590 1149 1659 fama
1184 1589 1428 1659 multos
1461 1586 1858 1681 peregrinos
1893 1608 1984 1657 ex
2023 1584 2262 1656 alienis
2300 1584 2498 1655 terris
2543 1584 2655 1683 al-ss-

503 1708 709 1800 lexit,
766 1731 1097 1802 regesque
1134 1708 1575 1780 succedentes
1614 1707 1814 1779 donis
1860 1706 2236 1798 majoribus
2273 1703 2491 1777 sancti
2531 1705 2639 1775 Ja-

506 1833 664 1921 cobi
704 1836 1088 1929 sepulcrum
1135 1835 1585 1906 cumularunt.
1632 1831 1723 1903 At
1758 1834 1904 1924 jam
1951 1832 2039 1904 ab
2080 1831 2278 1903 initio
2321 1826 2658 1903 Alfons'us

506 1959 819 2031 Carolum
853 1962 1175 2054 Magnum
1212 1958 1302 2031 de
1339 1959 1471 2032 hoc
1510 1968 1904 2048 monuerat,
1957 1957 2078 2050 qui
2127 1968 2192 2029 et
2226 1957 2384 2051 -ipse
2417 1957 2642 2052 sepul-

508 2108 700 2157 crum
729 2086 1031 2157 visitavit
1062 2084 1467 2177 magnisque
1492 2083 1695 2156 donis
1720 2083 2020 2171 ornavit,r
2054 2092 2120 2155 et
2143 2105 2182 2154 a
2208 2084 2436 2154 Leone
2467 2102 2659 2177 papa.

508 2208 931 2305 impetravit‚
984 2219 1061 2281 ut
1096 2209 1459 2304 episcopus
1491 2208 1767 2280 iriensis
1795 2208 1870 2279 in
1907 2216 2254 2302 posterum
2291 2228 2506 2301 prope
2534 2226 2661 2277 ec*

510 2336 782 2408 clesiam
842 2336 1058 2407 sancti
1107 2334 1345 2407 Jacobi
1400 2334 1767 2420 habitaret,
1828 2333 1980 2405 «ad
2034 2335 2264 2404 locum
2316 2333 2434 2426 qui
2487 2341 2661 2403 tunc¹

519 2452 831 2530 Liberum
879 2466 1158 2530 Donum
1205 2459 1621 2546 vocabatur,
1676 2480 1866 2529 nunc
1907 2466 2132 2529 autem
2177 2455 2649 2553 Compostella

512 2585 760 2690 dic-itur
802 2582 1150 2683 [Hzlrtoria
1190 2580 1772 2680 Compostellana,
1808 2608 1878 2678 p.
1917 2580 2044 2679 70]
2089 2568 2194 2678 (1)
2221 2612 2277 2653 >›.

528 2774 537 2782 .
610 2714 803 2783 Hanc
834 2712 1222 2782 Historiam
1252 2711 1397 2802 jam
1433 2709 1741 2782 diximus
1780 2710 1870 2799 de
1905 2710 2306 2782 inventione
2345 2710 2651 2805 corporis

517 2838 729 2910 sancti
810 2836 1043 2909 Ja‘oobi
1128 2834 1673 2928 antiquissimam
1756 2835 2066 2929 proferre
2152 2834 2656 2908 narrationem.

516 2955 778 3058 Scripta
812 2962 1285 3056 Compostellae
1326 2961 1479 3048 fuit,
1530 2983 1747 3052 quum
1784 2957 2145 3055 episcopus
2183 2960 2281 3030 ibi
2325 2971 2502 3033 esset
2532 2961 2649 3030 Di-

516 3087 733 3161 dacus
762 3087 1128 3172 Gelam-ez,
1170 3085 1288 3180 qui
1331 3093 1569 3180 postea
1602 3107 1643 3156 a
1671 3085 1952 3157 Callisto
1990 3086 2049 3156 ΙΙ
2086 3106 2269 3180 papa
2314 3084 2653 3182 archiepi-

519 3213 861 3308 scopalem
914 3210 1183 3282 titulum
1238 3208 1558 3281 obtinuit.
1618 3211 1843 3282 Homo
1891 3209 2018 3280 fuit
2045 3189 2482 3300 ingeniosus,
2541 3212 2652 3283 vel

519 3337 724 3408 etiam
778 3345 1075 3425 astutu5‚
1134 3333 1256 3426 qui
1302 3355 1443 3409 non
1490 3355 1733 3428 parum
1778 3334 2089 3431 ecclesiae
2138 3358 2285 3407 suae
2333 3335 2594 3431 profuit
2631 3365 2648 3408 ε

520 3475 807 3534 conatus
838 3469 963 3546 est,
1000 3459 1071 3529 ni
1111 3459 1334 3546 fallor,
1380 3457 1795 3529 inventionis
1838 3458 2192 3531 historiam
2231 3483 2437 3553 quam
2473 3462 2662 3536 veri-.

520 3587 927 3658 simillimam
973 3585 1306 3674 condere,
1353 3607 1566 3680 quum
1612 3594 1811 3656 antea
1852 3587 1960 3657 vel
1989 3586 2148 3657 'sola
2181 3587 2488 3674 traditio,
2542 3590 2662 3660 vel·

522 3712 773 3806 scripta
809 3733 852 3782 a
884 3711 1183 3798 veritate,
1203 3711 1525 3801 historica
1560 3709 1763 3782 nimis
1797 3710 2234 3784 abhorrentia
2273 3725 2651 3788 exstarent.

538 3881 548 3889 -
619 3839 989 3931 Postquam
1020 3847 1251 3907 autem
1286 3835 1640 3928 divulgata
1690 3835 1815 3906 suit
1850 3835 2130 3907 historia
2174 3836 2326 3927 illa,
2380 3839 2662 3912 minime

522 3961 875 4056 probabile
916 3961 1215 4041 videtur*
1231 3971 1575 4058 auctorem
1610 3962 1822 4032 ullum
1861 3971 2000 4032 tam
2043 3961 2104 4033 ei
2144 3944 2518 4038 contrarias
2557 3968 2661 4038 -fa-

522 4088 723 4161 bulas
758 4080 1107 4184 scripsisse
1140 4111 1222 4161 ac
1256 4111 1375 4160 eas
1400 4111 1573 4182 quas
1603 4088 1826 4182 priora
1859 4087 2446 4184 Pseudo—Turpini
2478 4095 2661 4188 capi-

526 4216 667 4286 tula
716 4215 1067 4287 continent
1120 4242 1139 4285 2
1199 4215 1619 4289 censendum
1675 4237 1837 4308 ergo
1904 4215 2016 4286 illa
2065 4226 2222 4287 ante
2249 4217 2661 4288 ,Historiam

600 4480 675 4553 (1)
709 4483 821 4553 Ap.
846 4477 1063 4550 motez,
1098 4478 1341 4552 Espav‘ia
1363 4477 1664 4552 sam-ada,
1691 4485 1735 4533 t.
1764 4479 1898 4534 XX·
