3700 5700
1472 771 1551 786 .-
1592 741 1667 801 17
1705 758 1785 786 ..a-

574 869 790 939 sancti
832 870 1106 958 Jacobi,
1165 893 1323 965 quae
1380 874 1720 970 Sanee‘ago
1767 870 1855 942 de
1915 866 2380 966 Compos-tella
2423 865 2696 949 dicitur,

573 1014 716 1063 non
740 1015 994 1086 paucos
1028 992 1097 1064 in
1116 994 1482 1068 undecimo
1504 998 1762 1068 saeculo
1791 980 2158 1092 scriptores
2173 991 2438 1080 habuit,
2461 989 2581 1082 qui
2603 988 2701 1059 in·

571 1117 961 1190 ventionem
980 1120 1192 1190 saneti
1212 1120 1499 1214 sepulcri
1518 1129 1970 1195 narraverunt
1983 1117 2376 1191 etvirtutem
2386 1112 2701 1208 reliquia·

572 1261 725 1310 rum
760 1242 1062 1335 corporis
1096 1243 1311 1315 sancti
1344 1242 1908 1338 praedicaverunt.
1949 1240 2242 1317 Scienda
2277 1261 2447 1332 ergo
2480 1258 2701 1332 pauca

568 1361 656 1433 de
678 1362 1073 1468 inventione
1114 1368 1242 1440 ista
1268 1378 1349 1440 et·
1373 1368 1780 1463 quibusdam
1824 1366 1970 1439 aliis
2003 1366 2140 1436 buc
2171 1361 2696 1459 pertinentibus,

669 1489 853 1574 Quid
877 1490 966 1564 de
995 1493 1438 1567 translatione
1478 1494 1786 1589 corporis
1812 1491 2029 1564 sancti
2076 1488 2314 1562 Jacobi
2341 1489 2413 1560 in
2455 1486 2704 1581 Hispa·

572 1614 757 1686 niam
791 1637 914 1710 per
955 1618 1108 1708 ejus
1143 1617 1513 1713 discipulos
1566 1616 1998 1691 sentiendum
2035 1614 2122 1687 sit
2175 1612 2291 1685 alii
2348 1610 2696 1704 judicent3

572 1739 735 1811 satis
775 1751 1043 1813 constat
1079 1741 1150 1813 in
1177 1743 1377 1814 nullis
1402 1743 1704 1838 antiquis
1734 1739 2192 1814 monumentis
2219 1737 2478 1831 aliquid
2509 1736 2702 1807 inve·

568 1862 701 1933 niri
724 1863 990 1951 simile,
1028 1876 1098 1938 et
1133 1867 1281 1961 ipse
1324 1866 1658 1940 Baronius
1696 1865 2218 1941 incertissimam
2264 1864 2354 1937 de
2397 1848 2534 1936 boc
2570 1872 2703 1934 tra-

570 1986 903 2060 ditionem
934 2010 1083 2061 esse
1101 1989 1459 2081 judicavit.
1493 1994 1569 2063 In
1599 1992 1893 2081 decim0‚
1923 1992 2208 2082 jamque
2243 1990 2315 2060 in
2343 2010 2531 2061 nono
2572 2009 2700 2059 sae·

572 2113 729 2184 culo
766 2112 1101 2185 creditum
1142 2114 1349 2188 fuisse
1394 2138 1645 2210 corpus
1690 2114 1983 2211 apostoli
2032 2115 2098 2186 in
2148 2112 2437 2185 Galletia
2471 2113 2703 2204 jacere

573 2235 828 2308 infitias
856 2237 938 2308 iri
967 2259 1111 2310 non
1138 2248 1382 2333 potest,
1414 2260 1630 2332 quum
1675 2244 1752 2311 et'
1772 2237 1938 2311 noni
1966 2238 2200 2309 saeculi
2241 2246 2441 2333 poeta
2466 2235 2701 2307 Wala-

569 2360 789 2433 fridus
823 2363 1067 2436 Strabo
1096 2362 1234 2459 (vel
1262 2364 1317 2435 si
1351 2364 1411 2436 is
1452 2387 1592 2437 non
1627 2375 1731 2437 est
1766 2363 1945 2436 alius
1980 2361 2264 2456 quidam
2294 2370 2701 2455 contempo-

566 2485 847 2582 raneus)
878 2497 948 2559 et
991 2488 1474 2585 martyrologia
1525 2488 1784 2561 Adonis
1840 2487 2277 2582 Usuardique
2336 2487 2699 2579 vulgarem

569 2609 775 2684 fidem
806 2621 873 2683 et
900 2611 1047 2703 jam
1076 2612 1431 2687 inchoatas
1461 2614 1624 2686 illuc
1631 2614 2241 2711 peregrinationes
2267 2612 2566 2685 reserant
2584 2608 2702 2707 (de
2793 2610 2810 2632 ‘

570 2735 819 2827 quibus
880 2735 1040 2809 vide
1103 2737 1416 2810 Bollandi
1460 2744 1644 2809 Acta
1699 2743 2122 2810 Sanctorum
2178 2722 2444 2807 men-nis·
2497 2733 2696 2825 Iulii,
2812 2785 2816 2789 »

567 2872 739 2934 tom.
777 2862 885 2953 Vl,
925 2885 993 2956 p.
1037 2862 1137 2959 6).
1176 2864 1606 2938 Conveniunt
1640 2886 1880 2938 omnes
1911 2865 2038 2938 has
2062 2863 2385 2959 reliquias
2412 2863 2698 2956 longum

565 3008 689 3082 per
728 2997 995 3081 tempus
1036 2987 1307 3080 ignotas
1349 2989 1659 3082 latuisse3
1719 2989 1840 3062 sed
1899 2989 2250 3084 quomodo
2301 2996 2370 3059 et
2415 2986 2696 3081 quando

560 3111 858 3185 inventae
891 3112 1143 3185 fuerint
1177 3113 1571 3207 ambigitur.
1648 3157 1654 3172 ·

657 3239 936 3310 Nullum
967 3249 1166 3311 vetus
1199 3238 1691 3312 documentum
1731 3239 2017 3310 affertur
2041 3247 2288 3334 praeter
2322 3240 2695 3333 quamdam

562 3363 849 3456 Alfonsi,
884 3365 1066 3455 regis
1101 3363 1489 3452 Castellani‚
1519 3362 1607 3434 ad
1647 3362 2020 3435 canonicos
2052 3364 2482 3438 Turonenses
2515 3367 2696 3462 epis·

564 3493 794 3582 telam,
827 3511 1033 3584 quam
1077 3489 1209 3584 ipsi
1250 3487 1714 3574 Bollandistae‚
1748 3487 1867 3582 qui
1909 3499 2133 3560 tamen
2174 3511 2376 3562 veras
2413 3501 2693 3564 conten-

564 3615 738 3688 dunt
760 3636 909 3688 esse
947 3612 1294 3707 reliquias,
1316 3610 1815 3706 supposititiam
1859 3610 2211 3684 declarant
2245 3611 2317 3708 (l.
2348 3614 2391 3683 l.
2419 3591 2511 3709 ⁴p.
2547 3613 2687 3711 13).

562 3744 663 3814 De
706 3739 1076 3837 diplomate
1111 3739 1377 3812 Alfonsi
1411 3737 1591 3810 Casti
1639 3735 1726 3809 ad
1772 3735 2324 3823 Theodomim'm,
2361 3739 2687 3813 iriensem

560 3868 983 3964 episcopum,
1026 3865 1335 3959 corporis
1360 3861 1576 3934 sancti
1603 3861 2056 3950 inventorem,
2092 3862 2260 3957 quid
2283 3864 2690 3940 dicendum?

554 3995 731 4067 Illud
753 4005 820 4066 et
844 3992 1049 4065 etiam
1082 3988 1433 4085 epistolam
1463 3985 1705 4058 Leonis
1735 3987 1824 4057 III
1861 4009 2052 4082 papae
2078 3987 2166 4059 ad
2193 3989 2510 4062 eumdem
2545 4015 2682 4065 non

554 4120 823 4192 minore
843 4117 1131 4190 falsitate
1148 4115 1458 4187 laborare
1479 4111 1746 4206 opinor.
1770 4111 1842 4182 Si
1860 4111 2042 4183 enim
2062 4113 2350 4186 sincerae
2371 4115 2480 4188 hae
2494 4117 2686 4189 char·

559 4256 648 4319 tae
668 4253 921 4334 essent,
945 4240 1297 4336 quomodo
1317 4237 1459 4310 fieri
1481 4246 1751 4333 >poterat
1772 4245 1845 4306 ut
1868 4236 1941 4307 in
1961 4237 2323 4312 undecimo
2343 4245 2593 4314 saeculo
2615 4253 2684 4314 et

556 4364 1003 4467 sequentibus
1029 4371 1171 4434 tam
1212 4359 1501 4433 diversis
1543 4357 1768 4430 modis
1802 4369 2215 4448 narraretur,
2255 4359 2684 4459 diversisque

556 4490 1054 4566 adscriberetur
1094 4483 1513 4580 temporibus
1544 4483 1760 4556 sancti
1789 4483 2095 4578 corporis
2128 4482 2490 4559 inventio?

2409 4626 2439 4671 2
