3700 5700
1416 721 1737 781 ...21-

523 854 795 952 modica
822 854 1192 926 admodum
1229 863 1297 926 et
1333 854 1615 925 humilia
1642 852 1997 941 videntur3
2041 847 2461 924 credendum
2490 873 2656 942 ergo

521 979 872 1073 scriptoris
919 991 1223 1074 tempore
1272 979 1652 1052 modestam
1689 976 1917 1049 adhuc
1980 986 2047 1048 et
2098 976 2425 1049 humilem
2472 977 2657 1050 illam

521 1105 875 1177 basilicam
923 1104 1161 1188 fuisse,
1221 1104 1660 1198 validiusque
1721 1101 2072 1174 videbitur
2112 1102 2261 1173 hoc.
2300 1095 2661 1194 argumen-

525 1239 667 1304 tum
717 1253 931 1326 quum
981 1229 1573 1325 capitulum.illud
1621 1251 1777 1300 cum
1826 1227 2153 1302 vicesimo
2204 1249 2659 1323 comparave-

525 1352 761 1426 rimus.
793 1355 1210 1427 Vicesimum
1247 1377 1496 1452 nempe
1530 1363 1672 1426 tam
1699 1374 1991 1446 magnos
2016 1351 2318 1426 honores
2356 1375 2397 1425 a
2422 1354 2665 1444 Carolo

527 1478 1005 1574 Compostellae
1037 1480 1321 1552 collatos
1353 1458 1728 1570 fabulatur,
1771 1489 1848 1550 ut
1886 1489 2127 1551 omnes
2155 1501 2353 1573 reges
2386 1489 2456 1553 et
2491 1503 2668 1575 pree·

453 1662 462 1672 .
529 1607 712 1678 sules
737 1606 1081 1702 Hispaniae
1110 1605 1204 1676 illi
1235 1605 1650 1693 submiserit,
1677 1619 1746 1677 et
1769 1604 2411 1699 Compostellensem
2436 1607 2669 1679 Eccle-

529 1731 696 1802 siam
718 1753 870 1802 cum
895 1752 1178 1803 romana
1197 1739 1266 1802 et
1281 1729 1641 1833 ephesiaca
1661 1730 1903 1802 ceteris
1927 1729 2247 1802 omnibus
2261 1732 2663 1825 praetulerit,

531 1858 722 1950 quod
767 1866 947 1928 certe
997 1853 1186 1927 aliud
1239 1866 1510 1951 tempus
1545 1856 1804 1928 indicat
1856 1867 1924 1928 et
1957 1857 2319 1929 recentius.
2372 1859 2672 1946 Nomina

533 1981 806 2053 urbium
851 2003 1026 2074 quas
1066 1982 1342 2053 Carolus
1387 1983 1570 2075 cepit
1608 1980 1941 2088 temporis
1974 1981 2179 2053 etiam
2212 1981 2502 2056 certiora
2548 2005 2671 2055 es-

533 2117 686 2179 sent
721 2105 1168 2197 documenta;
1222 2107 1345 2178 sed
1382 2107 1534 2178 haec
1579 2106 2115 2179 obscuritatibus
2149 2118 2442 2196 scatent,
2496 2131 2675 2204 qua-.

534 2255 689 2303 rum
715 2230 1054 2317 ,discussio
1087 2231 1430 2325 Hispanos
1469 2233 1696 2327 potius
1733 2231 1990 2305 doctos'
2020 2254 2102 2304 ac
2127 2233 2675 2308 Gallum'decere

534 2358 831 2430 videtur.
2532 2438 2537 2447 ¹

631 2483 751 2555 Vir
788 2481 1091 2574 inclituS,
1141 2492 1210 2554 et
1246 2483 1334 2555 de
1370 2482 1722 2578 Hispaniae
1749 2482 2035 2555 historia
2071 2485 2355 2557 multum
2392 2486 2679 2558 meritus

535 2611 618 2680 R.
665 2609 884 2702 Dozy,
943 2608 1190 2678 librum
1237 2585 1681 2678 recentiorem
1733 2629 1824 2678 ex
1876 2615 2123 2698 quarto
2171 2609 2439 2680 censuit
2484 2611 2674 2704 capi-

538 2741 707 2813 tulo,
738 2740 1020 2813 Etiamsi
1049 2739 1418 2828 erraverit,
1448 2740 1638 2834 quod
1659 2738 1931 2811 codices
1950 2741 2450 2836 manuscriptos
2472 2743 2673 2837 igno-

540 2868 716 2940 ranti
771 2868 1028 2939 nullam
1075 2868 1343 2962 culpam
1387 2867 1626 2956 affert,
1669 2865 1995 2957 nonnulla
2032 2866 2233 2938 valde
2270 2867 2480 2961 digna
2525 2893 2680 2964 quae

540 2972 854 3091 legantur
893 2991 1157 3078 retulit,
1187 2998 1256 3062 et
1297 3012 1457 3083 quae
1494 2988 1778 3061 omnino
1816 2968 2114 3082 probant
2146 2995 2680 3077 auctoremHis-

540 3138 798 3212 panum
828 3116 1058 3187 fuisse.
1092 3114 1404 3187 Ostendit
1431 3113 1614 3186 enim
1652 3114 2108 3188 narrationem
2148 3116 2328 3188 illam
2368 3119 2678 3194 deidolo

540 3240 916 3332 Gaditano,
969 3264 1130 3335 quae
1201 3240 1573 3335 capitulum
1624 3249 1945 3334 quartum
2008 3244 2345 3336 complet,
2412 3246 2679 3338 origine

468 3364 472 3369 ’
542 3366 889 3437 arabicam
936 3387 1130 3457 esse,
1186 3363 1253 3437 et
1303 3365 1833 3460 descriptionem
1885 3357 2487 3470 Pseudo-Turpini
2517 3348 2677 3447 cum

541 3492 716 3581 aliis,
746 3493 818 3563 in
851 3492 1262 3587 geographis
1295 3490 1638 3581 lslamitis‚
1669 3501 2020 3585 comparat
2048 3491 2180 3589 (1).
2204 3494 2495 3599 'Scilicet
2520 3521 2680 3571 nar-

541 3627 698 3724 rant
733 3616 1008 3711 utrique
1040 3618 1225 3712 apud
1258 3616 1566 3687 Herculis
1601 3615 1957 3686 columnas
1997 3616 2347 3719 ingentem
2384 3629 2680 3697 statuam
2807 3634 2813 3642 ‘

545 3721 839 3815 hominis
875 3752 1186 3813 auratam
1236 3740 1599 3824 exstitisse,
1649 3762 1813 3847 quae
1844 3740 2110 3813 clavem
2145 3747 2679 3820 manutenebat.

545 3870 763 3962 Lapsa
800 3868 1008 3958 clavi,
1045 3888 1229 3939 anno
1257 3868 1420 3951 ΜΧ,
1451 3864 1669 3938 credit
1704 3866 2005 3936 Batavus
2033 3866 2323 3961 scriptor
2361 3869 2432 3969 in
2460 3873 2681 3947 vicem

546 3994 696 4086 ejus
724 4002 1033 4064 auratam
1062 3994 1328 4065 clavam
1369 3990 1659 4087 positam
1696 3989 1903 4061 fuisse
1943 4018 1961 4060 ε
1992 4013 2206 4085 quum
2244 4004 2473 4068 autem
2510 4000 2681 4070 Tur-

548 4118 750 4213 pinus
777 4118 996 4189 clavae
1025 4118 1243 4189 solum
1276 4116 1689 4187 mentionem
1720 4115 1957 4203 faciat,
1985 4116 2175 4189 illum
2211 4118 2492 4213 longum
2530 4138 2685 4220 post

551 4242 689 4313 MX
737 4252 1006 4337 tempus
1059 4241 1316 4349 vixisse
1369 4250 1674 4335 apparet.
1731 4241 1881 4311 Iam
1936 4241 2168 4315 illucet
2219 4253 2359 4315 tam
2406 4248 2681 4342 longum

626 4422 700 4495 (1)
740 4420 1080 4479 Becherches
1137 4437 1242 4507 sm·
1293 4420 1634 4493 I’Espaynffi
1675 4427 1716 4477 t.
1771 4422 1855 4488 ΙΙ,
1906 4437 1959 4493 p.
2017 4427 2151 4491 328,
2209 4432 2269 4481 ct
2323 4430 2687 4503 Appendice,

552 4527 605 4586 p.
627 4526 846 4568 Lxxtx.
