3700 5700
1491 698 1572 716 -.
1610 669 1685 729 37
1727 702 1807 715 ..-

591 805 739 896 jam
770 802 1076 895 ejusdem
1112 811 1213 873 est
1249 800 1571 873 auctoris.
1618 800 1745 870 Hic
1800 799 2141 871 recentior
2179 806 2316 884 est,
2360 807 2428 867 et
2468 795 2538 866 in
2581 796 2728 867 Gal-

598 928 759 1001 letia
812 948 953 999 non
1001 926 1265 1013 fuerat3
1320 922 1484 995 dicit
1542 923 1725 994 enim
1746 973 1767 1012 ,
1812 919 2096 1016 aliquod
2140 923 2440 994 referens
2495 920 2726 1015 prodi·

597 1028 790 1143 'giam
820 1078 838 1121 ε
876 1079 908 1113 α
939 1050 1235 1121 Narrant
1270 1047 1653 1144 peregrini,
1694 1047 1814 1141 qui
1856 1047 1993 1118 huc
2021 1046 2234 1118 ivere.
2269 1074 2305 1111 n
2337 1045 2726 1117 Notandum

597 1185 700 1247 est
751 1174 1106 1254 historiam
1151 1195 1310 1267 quae
1368 1173 1436 1245 in
1483 1172 1621 1245 hoe
1676 1173 1976 1267 capitulo
2021 1182 2331 1243 narratur
2384 1171 2454 1243 in
2502 1172 2729 1264 aliqua

597 1304 793 1388 parte
829 1316 1062 1367 veram
1096 1316 1273 1367 esse.
1316 1294 1518 1365 Anno
1545 1292 2048 1365 DCCCCXCVII
2076 1292 2327 1363 invasit
2362 1291 2732 1365 Almanzor

596 1415 757 1513 (hie
809 1418 1231 1513 Altumajor)
1290 1419 1687 1506 Galletiam‚
1753 1404 2174 1509 narrantque
2236 1417 2545 1487 nonnulli
2598 1418 2733 1489 his-

598 1541 790 1614 torici
838 1542 993 1614 libri
1040 1543 1230 1636 quod
1280 1553 1349 1645 et
1402 1554 1673 1629 noster,
1728 1540 2108 1613 exercitum
2171 1562 2418 1636 nempe
2475 1540 2730 1636 dysen-

597 1667 765 1739 teria
795 1669 1217 1741 laboravisse
1253 1689 1548 1761 eumque
1592 1667 1980 1761 sepulcrum
2031 1666 2257 1739 Sancti
2305 1665 2543 1739 Jacobi
2589 1688 2731 1739 non

596 1791 987 1864 violavisse.
1044 1792 1425 1863 Verisimile
1474 1800 1579 1863 est
1633 1791 1934 1885 aliquem
1977 1791 2424 1887 peregrinum
2475 1790 2611 1864 hoc
2661 1793 2732 1862 in

592 1915 876 1988 Galletia
919 1917 1239 2005 audiisse,
1277 1916 1677 2009 auctorique
1724 1927 2004 2003 nostre,
2052 1915 2545 2011 qualiscunque
2594 1918 2734 1990 fue-

593 2040 715 2127 rit,
755 2041 1108 2113 retulisse:
1164 2041 1291 2112 hoc
1342 2042 1454 2112 ille
1487 2040 1888 2135 pulchrum,
1931 2036 2010 2111 u't
2057 2040 2120 2111 ei
2167 2039 2552 2129 videbatur,
2611 2041 2735 2111 mi-

589 2165 897 2234 raculum
938 2165 1239 2259 Turpino
1290 2187 1418 2237 suo
1466 2164 1778 2253 addidit,
1836 2160 2024 2256 quod
2071 2173 2139 2235 et
2181 2163 2292 2234 alii
2340 2164 2430 2235 ab
2483 2184 2568 2236 eo
2620 2164 2736 2236 de·

590 2301 1047 2383 sumpserunt.

689 2415 829 2484 Nec
856 2414 1311 2507 capitulorum
1340 2435 1619 2483 vr-xxxu
1650 2414 1905 2486 auctori
1948 2421 2269 2507 quartum
2304 2413 2733 2507 supplemen-

594 2542 739 2603 tum
761 2531 1201 2603 tribuendum
1238 2554 1386 2607 esse
1420 2554 1694 2621 cense0,
1723 2533 1906 2625 quod
1933 2542 2207 2627 septem·
2223 2532 2535 2604 liberales
2553 2543 2734 2606 artes

594 2656 812 2727 fusius
848 2655 1174 2743 describit
1202 2666 1267 2728 et
1293 2658 1610 2751 explicat.
1644 2658 2024 2752 Scripserat
2047 2658 2158 2728 ille
2185 2686 2218 2719 α
2237 2668 2497 2751 septem
2522 2668 2729 2746 arteS,

591 2779 769 2852 inter
788 2789 1053 2874 cetera,
1082 2780 1254 2853 miro
1279 2782 1514 2873 mode,
1553 2782 1620 2852 in
1642 2782 1894 2878 palatio
1926 2782 2144 2854 Caroli
2167 2782 2474 2877 depictas
2493 2804 2668 2873 esse,
2699 2812 2732 2848 υ

589 2927 730 3001 quo
766 2906 1050 3000 quidam
1087 2929 1252 2978 usus
1287 2921 1390 2980 est
1428 2917 1507 2978 ut
1538 2930 1733 2980 suam
1758 2908 1846 2983 de
1877 2907 1986 2980 his
2018 2907 2400 2981 doctrinam
2440 2909 2510 2979 in
2536 2931 2734 3004 aper-

591 3009 736 3102 tum
772 3033 1129 3126 proferret.
1170 3033 1318 3104 Hoc
1357 3043 1627 3124 tamen,
1682 3034 1877 3128 quod
1922 3034 2225 3128 capitulo
2260 3057 2410 3104 xxxi
2453 3035 2734 3122 attinet,

594 3155 935 3227 editiones
968 3157 1247 3251 quidem
1294 3159 1660 3242 omittunt,
1703 3157 1826 3229 sed
1867 3157 1934 3228 in
1984 3157 2173 3230 nullo
2223 3158 2463 3231 codice
2498 3159 2735 3233 deesse

588 3281 1071 3353 animadverti.

686 3411 767 3478 In
818 3406 1048 3478 multis
1084 3406 1438 3478 codicibus
1475 3405 1644 3500 (AB
1668 3410 1764 3495 E,
1808 3407 2008 3500 etc),
2056 3417 2126 3479 et
2165 3409 2351 3482 aliud
2387 3410 2736 3484 invenitur

589 3529 1006 3623 capitulum,
1055 3531 1248 3621 cujus
1290 3531 1437 3621 ,iam
1473 3531 1555 3600 V.
1596 3530 1693 3601 Cl.
1748 3531 1984 3604 Victor
2033 3533 2126 3603 Le
2175 3532 2366 3605 Clerc
2419 3534 2482 3605 in
2524 3559 2730 3632 supra

586 3653 863 3726 laudata
900 3675 1104 3749 opera
1149 3653 1566 3726 mentionem
1605 3655 1764 3726 fecit
1799 3655 1930 3751 (l),
1965 3656 2098 3728 hoc
2132 3655 2326 3729 titulo
2365 3683 2380 3727 ε
2413 3687 2447 3722 α
2474 3660 2569 3730 De
2601 3660 2732 3733 isto

590 3778 781 3873 quod
817 3779 1105 3851 Navarri
1143 3799 1285 3850 non
1321 3779 1409 3851 de
1448 3801 1612 3851 vera
1648 3780 1962 3874 prosapia
2003 3789 2163 3852 sunt
2199 3782 2410 3871 geniti
2444 3811 2460 3853 ε
2498 3813 2530 3848 »
2563 3784 2728 3856 illud
2830 3767 2834 3772 ’

588 3902 941 3975 Galletiani
984 3903 1150 3992 odii,
1182 3912 1259 3974 ut
1294 3903 1609 3995 arbitror,
1650 3903 1718 3975 in
1755 3904 2022 3975 vicinos
2054 3904 2544 3997 testimonium,
2579 3910 2725 4002 qui-

589 4029 751 4100 dam
821 4027 1272 4100 verisimiliter
1352 4029 1748 4122 peregrinus
1805 4028 2256 4123 Compostella
2313 4031 2564 4120 redux,
2625 4034 2721 4105 ibi

588 4152 819 4226 audita
857 4172 1177 4246 sequens,
1220 4153 1503 4225 notavit.
2205 4143 2212 4148 ⁵

662 4403 737 4500 (ᾖ)
780 4429 1038 4482 Histoire
1063 4424 1365 4482 litteraire
1392 4425 1465 4480 de
1486 4386 1554 4479 za‘
1578 4429 1824 4494 France,
1849 4427 2013 4496 XXI,
2033 4431 2158 4484 281.
