3700 5700
1928 695 2249 754 ...16—

1037 824 1220 896 ditus
1261 837 1688 897 corruerunt.
1735 855 1768 892 n
1812 830 1974 900 Post
2017 826 2373 898 victoriam
2434 833 2663 918 grates
2714 827 2858 916 agit
2904 799 3058 897 Deo
3102 845 3171 898 ec

1033 964 1280 1019 sancto
1308 949 1568 1020 Jacobo
1592 983 1625 1039 ;
1660 951 1844 1023 illius
1882 953 2271 1047 sepulcrum
2316 949 2572 1038 visitat,
2626 950 2720 1021 ibi
2771 950 3170 1046 episcopum

1029 1075 1266 1147 statuit
1303 1086 1372 1148 et
1393 1077 1800 1168 canonicos;
1835 1079 2141 1152 eeclesiae
2172 1078 2388 1148 multa
2426 1075 2745 1168 largitur3
2786 1075 2856 1146 in
2893 1076 3173 1171 reliquis

1033 1200 1405 1292 provinciis
1437 1203 1577 1273 suis
1623 1203 1946 1275 ecclesias
2000 1203 2073 1274 in
2113 1201 2450 1273 honorem
2491 1201 2707 1272 sancti
2739 1199 2974 1274 Jacobi
3013 1200 3175 1272 aedi·
3210 1205 3217 1214 ’

1030 1322 1212 1396 ficat.
1247 1327 1414 1397 Cum
1459 1327 1702 1419 quinto
1747 1327 2043 1421 capitulo
2066 1326 2241 1397 liber
2278 1325 2407 1396 isle
2444 1323 2653 1396 finem
2690 1347 2937 1420 capere
2979 1323 3174 1396 vide·

1007 1453 1141 1518 'tur
1177 1473 1196 1517 ε
1240 1450 1518 1522 Carolus
1551 1454 1769 1525 victor
1805 1453 1875 1523 in
1916 1451 2279 1547 imperium
2308 1471 2507 1522 suum
2566 1449 2779 1539 redit3
2842 1449 3033 1544 quod
3072 1449 3173 1519 fa·-

920 1640 924 1644 .
1011 1596 1184 1646 ‘cere
1235 1576 1509 1647 volebat
1550 1578 1744 1649 fecit:
1817 1578 2220 1673 Hispaniam
2264 1567 2604 1665 liberavit,
2654 1574 2873 1648 sancti
2931 1573 3172 1647 Jacohi

1029 1701 1414 1793 sepulcrum
1453 1704 1754 1792 ornavit,
1791 1703 2146 1775 ecclesiam
2182 1702 2278 1773 illi
2316 1701 2610 1792 struxit3
2649 1701 2947 1774 Iacobus
2976 1699 3173 1794 polli-

1029 1824 1164 1897 cita
1196 1825 1633 1920 adimplevit;
1677 1849 1863 1900 nunc
1889 1837 2075 1922 patet
2094 1827 2210 1898 via
2238 1824 2954 1925 peregrinationibus.

1125 1952 1468 2046 Hispanus
1499 1963 1671 2045 erat,
1714 1954 1784 2024 ni
1829 1953 2049 2042 fallor,
2082 1954 2364 2025 istorum
2396 1953 2851 2048 capitulorum
2894 1959 3168 2040 auclor;

1029 2097 1169 2148 non
1199 2077 1398 2150 facile
1435 2079 1621 2151 credi
1649 2077 1871 2173 potest
1923 2078 2189 2152 Gallum
2240 2079 2455 2150 ullum
2507 2087 2609 2150 tot
2652 2073 3007 2172 hispanica
3038 2097 3176 2147 no-

1031 2202 1217 2273 mina'
1253 2204 1695 2295 cognovisse,
1748 2213 1849 2276 tot
1894 2204 2206 2276 civitates
2242 2223 2646 2276 enumerare
2688 2201 2993 2296 potuisse
3035 2198 3167 2296 (1),

1029 2325 1118 2398 de
1145 2328 1399 2420 quibus
1425 2329 1797 2422 aliquando
1837 2328 2364 2401 historiunculas
2406 2337 2663 2415 narrat,
2703 2348 2866 2418 quae
2902 2325 2969 2396 in
3014 2325 3175 2396 His-

1031 2429 1232 2540 pania
1259 2446 1482 2520 solum
1507 2450 1663 2521 sciri
1691 2460 2010 2544 poteraut
2037 2448 2159 2546 (2).
2190 2451 2370 2534 Quin
2397 2459 2465 2522 et
2488 2473 2598 2522 res
2616 2450 2927 2523 arabicas
2954 2449 3169 2522 novit:

1031 2574 1238 2644 refert
1290 2573 1472 2645 enim
1518 2572 1700 2670 (cap.
1766 2578 1839 2668 4)
1901 2576 1989 2647 de
2033 2575 2221 2648 idolo
2268 2576 2572 2670 quodam
2618 2575 2955 2648 Gaditano
3000 2595 3176 2646 nou·

1029 2699 1213 2770 nulla
1261 2721 1416 2791 quae
1458 2699 1839 2773 admodum
1886 2699 2131 2773 similia
2184 2700 2487 2774 historici
2530 2701 2685 2773 libri
2716 2701 3175 2776 Islamitarum

1029 2833 1312 2896 narrant
1342 2823 1471 2918 (3).
1515 2823 1807 2898 Arabica
1855 2825 1983 2899 ista
2041 2835 2270 2899 tamen
2310 2835 2386 2898 ut
2435 2825 2862 2924 christianus,
2902 2824 3169 2912 recitat,

1028 2948 1262 3021 multis
1292 2951 1714 3039 adulteratis,
1753 2951 1923 3024 etin
1963 2952 2173 3025 alium
2214 2974 2493 3025 sensum
2551 2953 2807 3038 versis;
2858 2952 2982 3026 sed
3021 2950 3175 3044 quis

1028 3073 1444 3147 Gallus·haec
1475 3074 1810 3171 didicerat
1831 3074 1869 3145 ?
2332 3159 2340 3167 ,

1128 3196 1474 3291 Hispanus
1501 3196 1705 3291 plane
1739 3196 2039 3269 maxima
2078 3197 2148 3267 in
2197 3206 2518 3269 sanctum
2566 3198 2902 3270 Iacobum
2954 3197 3173 3268 devo-

981 3352 990 3359 ·
1031 3320 1218 3392 tione
1249 3330 1460 3414 patet,
1503 3330 1570 3391 et
1600 3320 1971 3415 cupiditate
2004 3321 2423 3413 alienigenas
2441 3322 2531 3394 ad
2577 3322 2991 3394 visitandum
3029 3321 3175 3411 ejus

1013 3446 1416 3539 sepulcrum
1456 3443 1816 3516 alliciendi.
1871 3446 2028 3517 Nou
2084 3447 2304 3519 solum
2379 3469 2546 3540 ergo
2607 3448 2991 3542 Hispanae,
3052 3443 3175 3517 sed

1031 3572 1450 3643 Galletianus
1470 3580 1538 3644 et
1565 3570 2163 3666 Compostellensis
2186 3596 2337 3647 esse
2362 3574 2623 3646 debuit.
2661 3573 2963 3647 Ecclesia
2989 3572 3173 3644 enim

981 3758 988 3763 '
1100 3761 1176 3825 (ι)
1200 3758 1382 3812 Deest
1408 3753 1548 3811 illud
1568 3754 1871 3827 capitulum
1900 3754 2008 3823 (ed.
2026 3756 2365 3829 ciampianae
2388 3758 2639 3826 tertium)
2664 3755 2723 3814 iu
2743 3747 2953 3813 'ceteris
2976 3753 3173 3813 editio-

1029 3847 1194 3904 nibus
1219 3844 1352 3903 etin
1382 3843 1572 3901 codice
1595 3851 1788 3901 nostro
1817 3846 1882 3902 P.
1910 3844 2075 3917 Apud
2100 3844 2315 3920 Ciampi
2341 3846 2535 3903 multis
2560 3844 2845 3903 erroribus
2866 3845 3097 3903 laborat.
3148 3891 3157 3899 .

1091 3937 1178 4007 (2)
1216 3936 1296 3992 Ut
1329 3933 1422 3991 illa
1459 3932 1796 4003 (secundum
1828 3932 2084 3991 codicem
2117 3938 2187 4005 A)
2223 3954 2238 3992 :
2279 3960 2305 3985 ι
2337 3934 2619 3993 Talaveria
2640 3975 2658 4004 ,
2697 3950 2823 4009 quae
2863 3942 2951 3991 est
2982 3930 3173 3991 fructi-

1029 4024 1214 4082 fera...
1241 4024 1406 4091 Osca,
1424 4021 1481 4078 in
1507 4038 1616 4094 qua
1634 4024 1748 4079 XX
1766 4030 1953 4079 turres
1978 4040 2216 4081 numero
2234 4040 2355 4082 esse
2374 4024 2622 4082 solent...
2644 4024 2819 4081 Baecia
2834 4026 2916 4081 vel
2932 4023 3173 4091 Troissa,

1027 4114 1089 4172 in
1116 4130 1223 4188 qua
1249 4112 1316 4168 fit
1346 4118 1641 4185 argentum
1671 4111 1964 4182 optimum,
1990 4120 2095 4169 etc.
2136 4136 2161 4163 a

1107 4201 1179 4277 (3)
1219 4200 1376 4258 Adde
1401 4201 1529 4258 talia
1563 4218 1576 4255 :
1605 4222 1631 4248 α
1660 4200 1887 4257 Medina
1912 4202 2050 4269 Geli,
2085 4202 2143 4259 id
2180 4209 2269 4259 est
2304 4203 2439 4260 urbs
2472 4203 2755 4261 excelsa...
2790 4202 2992 4273 Salam,
3026 4198 3175 4275 quod

901 4320 907 4328 ·
989 4364 992 4368 ¹
1033 4293 1217 4365 lingua
1253 4289 1472 4347 arabica
1510 4288 1648 4346 deus
1687 4290 1907 4362 dicitur,
1943 4300 2048 4348 etc.
2081 4317 2107 4343 n
2135 4292 2283 4367 Quid
2309 4292 2415 4351 hoc
2444 4294 2714 4366 significet
2741 4310 2855 4350 non
2879 4293 3123 4364 intelligo
3156 4310 3171 4347 ε

1037 4404 1062 4430 «ι
1091 4380 1245 4438 Urbs
1272 4380 1574 4445 Bisertum,
1605 4378 1663 4433 in
1688 4394 1794 4451 qua
1827 4380 2033 4438 milites
2062 4379 2370 4453 fortissimi,
2399 4382 2494 4456 qui
2526 4383 2688 4456 vulgo
2720 4381 2978 4439 dicuntur
3005 4384 3171 4437 Ara-

1029 4470 1168 4526 bitea
1196 4468 1310 4541 (vel
1333 4466 1602 4538 Ambit),
1635 4464 1929 4524 habentur.
1946 4490 1972 4517 ν
