3700 5700
1459 713 1777 788 ÷33—

545 866 703 915 nam
753 846 872 916 diu
906 845 1217 937 legitimis
1250 846 1430 915 votis
1472 847 1950 941 episcoporum
2008 846 2225 918 sancti
2266 846 2530 933 lambi,
2575 865 2681 916 ar-

541 968 1107 1063 chiepiscopalem
1171 969 1439 1039 titulum
1504 970 1991 1062 postulantium
2047 970 2372 1042 restitisse
2417 997 2506 1039 2«
2553 969 2683 1041 Ve-

542 1098 695 1163 rum
746 1104 973 1165 tamen
1014 1116 1223 1197 unum
1261 1094 1431 1186 quid
1460 1094 1550 1167 ad
1593 1094 1727 1166 hoc
1762 1096 2272 1189 impetrandum
2305 1095 2681 1167 admodum

548 1216 986 1311 impediebat,
1026 1216 1346 1289 videlicet
1386 1218 1677 1289 Romani
1720 1218 2112 1291 resistentes
2157 1218 2316 1289 huic
2370 1217 2682 1313 petitioni

548 1343 825 1414 aiebant
854 1370 869 1412 ε
903 1344 1231 1415 hactenus
1255 1344 1797 1437 Compostellana
1823 1344 2128 1415 Ecclesia
2153 1344 2447 1437 superba
2473 1354 2540 1416 et
2573 1366 2684 1415 ar·

552 1490 799 1560 rogans
818 1468 1023 1541 nobis
1042 1470 1291 1560 extitit,
1312 1468 1644 1542 hactenus
1661 1474 2039 1549 Romanam
2056 1470 2428 1541 Ecclesiam
2447 1491 2587 1541 non
2609 1480 2687 1541 ut

551 1595 992 1682 dominicam,
1014 1596 1132 1669 sed
1153 1598 1350 1689 quasi
1379 1597 1508 1667 sibi
1534 1619 1924 1692 comparem
1949 1596 2244 1691 respexit
2266 1606 2332 1668 et
2351 1596 2564 1668 invita
2589 1596 2687 1667 sa-

550 1719 807 1789 mulata
832 1729 934 1790 est
954 1720 1016 1790 ei
1028 1773 1173 1792 .....
1183 1721 1561 1793 Verebatur
1580 1720 1921 1814 siquidem
1939 1723 2248 1792 Romana
2275 1718 2572 1793 Ecclesia
2597 1740 2685 1792 nc

551 1844 1091 1938 Compostellana
1127 1846 1455 1937 Ecclesia,
1496 1856 1686 1917 tanto
1715 1846 2015 1917 subnixa
2047 1845 2383 1940 apostolo,
2419 1843 2686 1937 ade-ptis

542 1964 816 2060 juribus
839 1970 1324 2043 ecclesiasticae
1345 1970 1721 2061 dignitatis„
1760 1956 2138 2043 assumeret
2171 1970 2302 2043 sibi
2329 1969 2589 2063 apicem
2621 1977 2690 2040 et

548 2092 977 2185 privilegium
1022 2092 1415 2168 honoris-in
1452 2094 1992 2166 occidentalibus
2023 2092 2366 2179 Ecclesiis,
2407 2101 2474 2163 et
2515 2091 2690 2162 sicut

546 2216 857 2286 Romana
879 2225 1170 2309 praeerat
1187 2216 1485 2287 Ecclesia
1506 2226 1574 2287 et
1593 2216 2084 2288 dominabatur
2099 2216 2344 2287 ceteris
2365 2212 2692 2285 Ecclesiis

550 2346 830 2432 propter
859 2339 1274 2431 apostolum,
1310 2338 1408 2409 sic
1436 2348 1503 2409 et
1534 2339 2075 2433 Compostellana
2109 2337 2410 2409 Ecclesia
2443 2356 2696 2431 praecs·

550 2470 655 2530 set
687 2471 753 2531 et
785 2460 1253 2534 dominaretur
1288 2461 1827 2534 occidentalibus
1857 2460 2178 2534 Ecclesiis
2213 2469 2490 2556 propter
2523 2476 2692 2553 apo-

552 2585 799 2656 stolum
854 2610 1077 2658 suum.
1124 2587 1323 2670 Quod
1375 2589 1685 2659 Romana
1740 2586 2041 2658 Ecclesia
2082 2595 2151 2658 et
2196 2585 2360 2657 tunc
2405 2583 2690 2656 nimium

555 2712 946 2803 verebatur,
989 2721 1060 2783 et
1092 2734 1313 2805 usque
1359 2712 1568 2784 hodie
1610 2723 1890 2784 veretur
1939 2720 2009 2784 et
2049 2720 2400 2805 praecavet
2457 2710 2527 2781 in
2576 2710 2694 2781 fu-

558 2834 797 2912 turum*
830 2835 957 2934 (l).
1000 2865 1035 2904 »
1073 2837 1331 2910 Similia
1377 2838 1654 2934 praefert
1697 2838 2074 2932 capitulum
2108 2860 2228 2925 xx,
2264 2838 2550 2909 Romam
2582 2843 2696 2906 ta·

556 2984 711 3034 men
755 2963 911 3053 jure
952 2963 1243 3055 priorem
1284 2959 1673 3034 confessum
1694 3017 1713 3053 ,
1752 2962 2238 3057 Ephesumque
2278 2959 2626 3032 associans
2665 2984 2682 3028 :

562 3117 597 3153 α
630 3089 817 3158 Sicut
868 3109 990 3179 per
1018 3117 1021 3120 ·
1050 3087 1329 3190 beatum
1379 3087 1709 3160 loannem
1774 3082 2298 3176 evangelistam,
2353 3083 2538 3154 beati
2586 3082 2694 3153 Ja-

557 3209 714 3280 cobi
754 3210 1053 3296 fratrem,
1093 3208 1164 3279 in
1203 3207 1513 3280 orientali
1561 3217 1780 3302 parte,
1821 3206 2008 3302 apud
2055 3205 2404 3300 Ephesum
2449 3203 2692 3275 Christi

554 3333 722 3406 fides
768 3345 837 3406 et
874 3334 1243 3429 apostolica
1274 3332 1473 3404 sedes
1511 3331 1922 3420 instituitur;
1962 3328 2063 3401 sic
2109 3351 2229 3424 per
2261 3329 2539 3400 beatum
2582 3329 2695 3400 Ja-

554 3457 805 3529 cobum
842 3459 909 3528 in
959 3457 1364 3530 occidentali
1402 3467 1595 3551 parte
1628 3455 1811 3550 apud
1846 3454 2202 3526 Galletiam
2235 3454 2405 3526 fides
2453 3452 2694 3525 eadem

554 3569 929 3671 apostolica
970 3577 1403 3649 constituitur
1412 3631 1549 3648 .....
1608 3579 1773 3648 Tres
1832 3575 2247 3671 apostolicas
2297 3574 2498 3647 sedes
2547 3599 2695 3671 prae

555 3701 875 3774 omnibus
912 3700 1193 3772 sedibus
1238 3701 1307 3771 iu
1361 3701 1527 3787 orbe
1586 3701 1833 3772 merito
1888 3699 2126 3790 religio
2175 3698 2546 3770 christiana
2586 3721 2699 3772 ve-

556 3826 781 3910 nerari
835 3826 1181 3920 praecipue
1235 3825 1597 3906 consuevit
1647 3851 1665 3894 z
1710 3826 2088 3895 Romanam
2148 3815 2436 3910 scilicet,
2483 3824 2698 3904 Galle-

560 3953 814 4023 tianam
846 3950 1415 4044 etEphesianam.
1440 3949 1628 4021 Sicut
1646 3928 1827 4020 enim
1861 3958 1996 4019 tres
2017 3947 2386 4050 apostolos,
2416 3946 2692 4018 Petrum

558 4077 851 4165 scilicet,
892 4077 1221 4147 Jacobum
1260 4085 1327 4146 et
1362 4076 1732 4163 Joannem,
1790 4095 1936 4168 prae
1991 4074 2313 4144 omnibus
2364 4074 2694 4168 apostolis

558 4199 893 4271 Dominus
918 4199 1229 4284 instituit,
1269 4199 1520 4291 quibus
1557 4219 1681 4268 sua
1708 4208 1969 4268 secreta
2011 4195 2253 4266 ceteris
2288 4195 2584 4290 pleniuS,
2621 4204 2696 4265 ut

630 4465 707 4542 (1)
746 4465 961 4535 Florez,
996 4464 1240 4539 Etpasto
1264 4461 1558 4538 sayrada,
1583 4461 1624 4518 1.
1654 4461 1693 4518 l.
