3700 5700
1562 769 1642 784 ..
1679 735 1758 797 27
1804 756 1877 781 .-...

635 859 960 952 voluisse,
995 865 1212 936 sancti
1251 865 1556 963 Dionysii
1602 857 1979 944 monachos
2020 869 2163 962 jam
2198 877 2509 962 tempore
2540 869 2766 943 Caroli

615 973 866 1077 {Magni
904 1007 1146 1081 regum
1180 991 1600 1071 Francorum
1658 977 1967 1068 historiae'
2024 977 2410 1066 seribendae
2460 978 2762 1068 officium

633 1108 979 1202 babuisse,
1017 1115 1208 1209 quod
1235 1126 1466 1190 tamen
1514 1105 1655 1195 non
1700 1103 2132 1211 ante'Sugeri
2164 1129 2432 1213 tempus
2468 1117 2757 1192 exstitit.

726 1236 1042 1309 Similiter
1094 1239 1167 1311 in
1204 1244 1503 1337 capitulo
1553 1269 1703 1318 xxxi
1747 1246 1847 1318 sic
1900 1245 2059 1316 AS:
2098 1272 2133 1308 ιι
2171 1243 2436 1315 Deinde
2476 1245 2763 1320 veniens

627 1360 980 1460 (Karolus)
1017 1365 1106 1437 ad
1141 1367 1518 1441 Ecclesiam
1559 1371 1748 1443 beati
1808 1368 2123 1465 Dionysii
2169 1359 2487 1468 eumdem
2535 1369 2759 1446 locum

611 1487 1000 1562 honoravit
1027 1501 1092 1563 et
1127 1493 1716 1568 obsecrationibus
1751 1511 1822 1570 et
1858 1494 2349 1568 oblationibus
2372 1524 2425 1560 -n
2448 1494 2656 1588 Cujus
2688 1497 2759 1568 in

621 1615 777 1688 loco
816 1615 970 1688 haec
1010 1616 1219 1692 habet
1255 1620 1468 1694 altera
1509 1623 1821 1695 recensio
1858 1648 1876 1692 ε
1914 1649 1949 1686 α
1979 1622 2172 1693 Tunc
2221 1619 2525 1722 adunato
2574 1621 2759 1716 epis-

613 1754 952 1835 coporum
972 1751 1040 1813 et
1064 1742 1445 1840 principum
1469 1745 1759 1818 concilio
1794 1745 1869 1816 in
1892 1744 2173 1817 basilica
2188 1745 2400 1816 sancti
2423 1743 2755 1839 Dionysii,

599 1851 836 1956 agens
863 1868 1007 1939 Deo
1043 1867 1343 1960 gratiasj
1371 1870 1492 1964 qui
1528 1868 1657 1942 sibi
1693 1869 2158 1943 vim-dederat
2200 1889 2539 1963 paganam
2583 1891 2758 1962 gen·
2860 1949 2866 1955 ,

610 2001 757 2063 -tem
809 1993 1219 2086 subjugandi
1251 2045 1267 2077 ‚
1308 2015 1585 2085 omnem
1657 1995 2010 2067 Franciam
2073 1994 2395 2067 Ecclesiae
2464 1996 2611 2087 ejus
2676 1983 2755 2094 ‘in
2816 2047 2825 2058 ³

539 2168 547 2175 .
619 2115 886 2212 praedio
917 2117 1130 2200 dedit,
1178 2117 1352 2190 sicut
1390 2118 1642 2191 beatus
1678 2119 1933 2191 Paulus
1964 2119 2318 2213 apostolus
2350 2129 2419 2190 et
2442 2117 2753 2190 Clemens

619 2262 794 2338 papa
828 2241 1032 2314 beato
1060 2240 1384 2338 Dionysio
1415 2243 1487 2314 in
1523 2243 1927 2339 episcopatu
1968 2253 2173 2316 antea
2210 2242 2394 2314 illam
2440 2243 2754 2337 praebue-

615 2381 789 2457 rant,
836 2375 903 2440 et
947 2370 1272 2465 praecepit
1320 2382 1396 2443 ut
1442 2382 1682 2443 omnes
1729 2363 2037 2468 Franciae
2083 2391 2283 2462 reges
2319 2379 2389 2442 et
2419 2369 2746 2466 episcopi,

614 2504 986 2589 praesentes
1046 2503 1116 2567 et
1165 2496 1400 2587 futuri,
1447 2496 1706 2592 pastori
1767 2496 2077 2589 ejusdem
2142 2495 2467 2568 Ecclesiae
2524 2506 2753 2568 essent

613 2619 1012 2692 obedientes
1044 2618 1116 2690 in
1145 2620 1440 2712 Christo,
1474 2643 1603 2694 nec
1624 2637 1822 2714 reges
1855 2622 2003 2693 sine
2035 2622 2184 2714 ejus
2211 2621 2494 2693 consilio
2524 2632 2751 2694 essent

612 2744 962 2835 coronati,
1009 2766 1138 2816 nec
1188 2744 1493 2842 episcopi
1553 2744 1894 2837 ordinati3
1932 2766 2060 2817 nec
2097 2746 2282 2840 apud
2324 2747 2607 2816 Romam
2636 2768 2745 2818 re-

610 2870 786 2965 cepti
807 2879 1033 2943 essent
1053 2879 1173 2941 aut
1192 2869 1520 2941 damnati.
1542 2862 1835 2940 Rursum
1868 2878 2021 2964 post
2051 2868 2340 2963 plurima
2359 2869 2556 2941 dona·
2570 2892 2747 2963 prae-

612 2996 812 3091 cepit,
832 3008 908 3066 ut
927 2993 1034 3091 (1)
1060 2995 1280 3067 eidem
1299 2969 1627 3066 Ecclesiae
1647 2993 2125 3089 unusquisque
2145 3015 2495 3089 possessor
2514 2996 2747 3067 unius-

610 3122 941 3214 cujusque
977 3119 1226 3191 domus
1269 3119 1478 3191 totius
1504 3119 1740 3191 Galliae
1771 3130 2072 3213 quatuor
2116 3142 2435 3203 nummos
2469 3142 2741 3193 annua-

607 3247 729 3336 tim
763 3246 851 3318 ad
887 3243 1371 3318 aedificandam
1392 3244 1770 3316 Ecclesiam
1806 3244 2054 3333 daret„
2077 3253 2145 3317 et
2176 3266 2417 3317 omnes
2468 3267 2736 3337 servos,

604 3373 732 3468 qui'
764 3361 893 3467 bos
919 3392 1243 3443 nummos
1279 3370 1569 3442 libenter
1596 3370 1865 3458 darent,
1901 3370 2317 3441 manumisit.
2357 3371 2547 3440 Tunc
2569 3370 2741 3443 bea·

593 3506 752 3568 ‘tum
790 3498 1216 3594 Dionysium,
1248 3496 1451 3587 juxta
1473 3497 1621 3588 ejus
1664 3501 1918 3590 corpus
1958 3506 2189 3586 stans,
2231 3495 2627 3589 imploravit
2665 3505 2743 3567 ut

601 3644 728 3717 pro
771 3623 990 3695 salute
1029 3634 1268 3695 eorum
1302 3621 1424 3715 qui
1467 3620 1757 3693 libenter
1790 3622 1943 3693 illos
1969 3621 2227 3693 dabant
2253 3620 2548 3693 Domino
2583 3642 2740 3716 pre-

602 3770 751 3819 cem
787 3749 1109 3821 funderet
1133 3801 1153 3837 ,
1202 3757 1273 3819 et
1322 3768 1446 3841 pro
1494 3744 1895 3818 Christiani-s
1937 3745 2245 3818 similiter
2285 3745 2403 3839 qui
2466 3748 2739 3841 propria

601 3894 727 3945 sua
757 3894 881 3967 pro
917 3873 1158 3947 divino
1188 3894 1420 3945 amore
1449 3871 1869 3955 dimiserant,
1897 3870 2061 3943 etin
2090 3870 2415 3966 Hispania
2442 3871 2513 3942 in
2544 3871 2738 3945 bellis

599 4000 1098 4071 Saracenorum
1133 3997 1439 4095 martyrii
1475 4019 1822 4083 coronam!
1841 4007 2272 4091 acceperant.
2314 3998 2531 4070 Nocte
2564 4020 2737 4093 pro-

599 4124 794 4196 xima
822 4124 972 4215 regi
999 4123 1366 4195 dormienti
1399 4124 1642 4196 beatus
1663 4122 2032 4219 Dionysius
2066 4123 2401 4219 apparuit,
2438 4144 2737 4216 eumque

508 4240 516 4246 ’
599 4250 956 4341 excitavit,
999 4248 1238 4321 dicens
1299 4273 1329 4317 ε.
1373 4246 1510 4319 Illis
1544 4248 1665 4342 qui
1704 4259 1818 4320 tna
1857 4248 2325 4321 admonitione
2372 4259 2441 4320 et
2490 4270 2731 4323 exem-

665 4518 744 4588 (ι)
785 4516 1003 4573 Desunt
1027 4513 1174 4587 apud
1199 4514 1414 4587 Ciampi
1433 4517 1717 4588 praecepit
1739 4520 1828 4571 ut.
