<?xml version="1.0" encoding="UTF-8"?>
<!DOCTYPE html PUBLIC "-//W3C//DTD XHTML 1.0 Transitional//EN"
    "http://www.w3.org/TR/xhtml1/DTD/xhtml1-transitional.dtd">
<html xmlns="http://www.w3.org/1999/xhtml" xml:lang="en" lang="en">
 <head>
  <title>
</title>
<meta http-equiv="Content-Type" content="text/html;charset=utf-8" />
  <meta name='ocr-system' content='tesseract 3.04.00' />
  <meta name='ocr-capabilities' content='ocr_page ocr_carea ocr_par ocr_line ocrx_word'/>
</head>
<body>
  <div class='ocr_page' id='page_1' title='image "./depseudoturpino00parigoog_0073.png"; bbox 0 0 3700 5700; ppageno 0'>
   <div class='ocr_carea' id='block_1_1' title="bbox 83 12 129 910">
    <p class='ocr_par' dir='ltr' id='par_1_1' title="bbox 83 12 129 910">
     <span class='ocr_line' id='line_1_1' title="bbox 83 14 90 560; textangle 90"><span class='ocrx_word' id='word_1_1' title='bbox 84 551 90 560; x_wconf 93' lang='lat'>.</span> <span class='ocrx_word' id='word_1_2' title='bbox 84 209 90 222; x_wconf 90' lang='lat'>-</span> <span class='ocrx_word' id='word_1_3' title='bbox 83 14 90 17; x_wconf 83' lang='grc'>.</span> 
     </span>
     <span class='ocr_line' id='line_1_2' title="bbox 107 12 129 910; textangle 90"><span class='ocrx_word' id='word_1_4' title='bbox 113 567 121 910; x_wconf 77' lang='lat'>..-----.-—-..—</span> <span class='ocrx_word' id='word_1_5' title='bbox 115 535 121 544; x_wconf 83' lang='lat'><em>-</em></span> <span class='ocrx_word' id='word_1_6' title='bbox 114 405 121 516; x_wconf 75' lang='lat'>--.--</span> <span class='ocrx_word' id='word_1_7' title='bbox 114 369 121 381; x_wconf 53' lang='lat'>0</span> <span class='ocrx_word' id='word_1_8' title='bbox 107 12 129 340; x_wconf 67' lang='lat' dir='ltr'>.---=--.--—-q</span> 
     </span>
    </p>
   </div>
   <div class='ocr_carea' id='block_1_2' title="bbox 96 3068 117 4126">
    <p class='ocr_par' dir='ltr' id='par_1_2' title="bbox 96 3068 117 4126">
     <span class='ocr_line' id='line_1_3' title="bbox 96 3068 117 4126; textangle 90"><span class='ocrx_word' id='word_1_9' title='bbox 107 4113 117 4126; x_wconf 64' lang='lat' dir='ltr'>U</span> <span class='ocrx_word' id='word_1_10' title='bbox 107 4091 108 4096; x_wconf 36' lang='grc' dir='ltr'><em>Α</em></span> <span class='ocrx_word' id='word_1_11' title='bbox 104 3775 117 4074; x_wconf 38' lang='grc' dir='ltr'>,ὯἮψ-Ὑᾼῂᾼῌ</span> <span class='ocrx_word' id='word_1_12' title='bbox 103 3700 110 3760; x_wconf 34' lang='grc' dir='ltr'>Α’νοι</span> <span class='ocrx_word' id='word_1_13' title='bbox 104 3675 109 3683; x_wconf 66' lang='lat' dir='ltr'>v</span> <span class='ocrx_word' id='word_1_14' title='bbox 99 3599 112 3661; x_wconf 55' lang='lat' dir='ltr'>OEOE&#39;</span> <span class='ocrx_word' id='word_1_15' title='bbox 99 3567 100 3582; x_wconf 52' lang='lat'>‘⁴</span> <span class='ocrx_word' id='word_1_16' title='bbox 97 3489 113 3548; x_wconf 43' lang='lat' dir='ltr'>‘mis&#39;</span> <span class='ocrx_word' id='word_1_17' title='bbox 102 3432 107 3441; x_wconf 79' lang='lat'><em>—</em></span> <span class='ocrx_word' id='word_1_18' title='bbox 97 3401 98 3404; x_wconf 29' lang='grc' dir='ltr'><em>Α</em></span> <span class='ocrx_word' id='word_1_19' title='bbox 96 3364 110 3388; x_wconf 49' lang='grc' dir='ltr'><strong><em>ἠ</em></strong></span> <span class='ocrx_word' id='word_1_20' title='bbox 97 3317 100 3334; x_wconf 49' lang='lat'>⁴*</span> <span class='ocrx_word' id='word_1_21' title='bbox 97 3259 104 3284; x_wconf 51' lang='grc' dir='ltr'>’Ὗ</span> <span class='ocrx_word' id='word_1_22' title='bbox 98 3237 111 3249; x_wconf 68' lang='grc' dir='ltr'>ι’</span> <span class='ocrx_word' id='word_1_23' title='bbox 98 3196 109 3224; x_wconf 54' lang='grc' dir='ltr'>’δ</span> <span class='ocrx_word' id='word_1_24' title='bbox 100 3116 109 3130; x_wconf 66' lang='lat'>&#39;⁴</span> <span class='ocrx_word' id='word_1_25' title='bbox 101 3068 111 3100; x_wconf 49' lang='lat' dir='ltr'>u*-</span> 
     </span>
    </p>
   </div>
   <div class='ocr_carea' id='block_1_3' title="bbox 108 4172 130 4399">
    <p class='ocr_par' dir='ltr' id='par_1_3' title="bbox 108 4172 130 4399">
     <span class='ocr_line' id='line_1_4' title="bbox 108 4172 130 4399; textangle 90"><span class='ocrx_word' id='word_1_26' title='bbox 108 4172 130 4399; x_wconf 56' lang='lat' dir='ltr'>w*-</span> 
     </span>
    </p>
   </div>
   <div class='ocr_carea' id='block_1_4' title="bbox 114 4427 139 5484">
    <p class='ocr_par' dir='ltr' id='par_1_4' title="bbox 114 4427 139 5484">
     <span class='ocr_line' id='line_1_5' title="bbox 114 4427 139 5484; textangle 90"><span class='ocrx_word' id='word_1_27' title='bbox 124 5475 135 5484; x_wconf 63' lang='lat'>³</span> <span class='ocrx_word' id='word_1_28' title='bbox 126 5414 131 5422; x_wconf 70' lang='lat'>&lt;</span> <span class='ocrx_word' id='word_1_29' title='bbox 126 5332 128 5346; x_wconf 74' lang='lat'><strong><em>—</em></strong></span> <span class='ocrx_word' id='word_1_30' title='bbox 126 5317 128 5320; x_wconf 32' lang='grc' dir='ltr'><strong>Δ</strong></span> <span class='ocrx_word' id='word_1_31' title='bbox 115 4533 139 5263; x_wconf 46' lang='grc' dir='ltr'>-νῂ-η-ιωα-ν-Ἧ-..ισν-Μῐ</span> <span class='ocrx_word' id='word_1_32' title='bbox 114 4427 129 4519; x_wconf 50' lang='lat'>*⁹⁴²2</span> 
     </span>
    </p>
   </div>
   <div class='ocr_carea' id='block_1_5' title="bbox 575 673 2807 2630">
    <p class='ocr_par' dir='ltr' id='par_1_5' title="bbox 1489 673 1804 733">
     <span class='ocr_line' id='line_1_6' title="bbox 1489 673 1804 733; baseline 0 -16"><span class='ocrx_word' id='word_1_33' title='bbox 1489 704 1565 717; x_wconf 87' lang='grc'>...</span> <span class='ocrx_word' id='word_1_34' title='bbox 1607 673 1685 733; x_wconf 77' lang='lat'>65</span> <span class='ocrx_word' id='word_1_35' title='bbox 1724 703 1804 717; x_wconf 85' lang='grc'>.-</span> 
     </span>
    </p>

    <p class='ocr_par' dir='ltr' id='par_1_6' title="bbox 575 804 2807 2141">
     <span class='ocr_line' id='line_1_7' title="bbox 580 804 2694 903; baseline 0.004 -30"><span class='ocrx_word' id='word_1_36' title='bbox 580 804 946 901; x_wconf 74' lang='lat' dir='ltr'>imp‘eriall</span> <span class='ocrx_word' id='word_1_37' title='bbox 965 806 1303 876; x_wconf 69' lang='lat' dir='ltr'>Parisino</span> <span class='ocrx_word' id='word_1_38' title='bbox 1337 821 1722 887; x_wconf 80' lang='lat' dir='ltr'>servantur,</span> <span class='ocrx_word' id='word_1_39' title='bbox 1748 805 1837 877; x_wconf 90' lang='lat' dir='ltr'>ad</span> <span class='ocrx_word' id='word_1_40' title='bbox 1861 826 2146 899; x_wconf 83' lang='lat' dir='ltr'>regnum</span> <span class='ocrx_word' id='word_1_41' title='bbox 2174 808 2400 881; x_wconf 87' lang='lat' dir='ltr'>Caroli</span> <span class='ocrx_word' id='word_1_42' title='bbox 2430 810 2694 903; x_wconf 76' lang='lat' dir='ltr'>Magni:</span> 
     </span>
     <span class='ocr_line' id='line_1_8' title="bbox 591 906 2702 1029; baseline 0.005 -36"><span class='ocrx_word' id='word_1_43' title='bbox 591 958 625 993; x_wconf 86' lang='lat'>«</span> <span class='ocrx_word' id='word_1_44' title='bbox 659 933 875 999; x_wconf 80' lang='lat' dir='ltr'>Gesta</span> <span class='ocrx_word' id='word_1_45' title='bbox 898 934 969 998; x_wconf 85' lang='lat' dir='ltr'><em>K</em></span> <span class='ocrx_word' id='word_1_46' title='bbox 970 927 1158 997; x_wconf 78' lang='lat' dir='ltr'>arolc&#39;</span> <span class='ocrx_word' id='word_1_47' title='bbox 1179 930 1453 1025; x_wconf 76' lang='lat' dir='ltr'>Magni,</span> <span class='ocrx_word' id='word_1_48' title='bbox 1494 932 1928 998; x_wconf 81' lang='lat' dir='ltr'><strong><em>Francorum</em></strong></span> <span class='ocrx_word' id='word_1_49' title='bbox 1954 931 2157 1027; x_wconf 60' lang='lat' dir='ltr'>regzlc,</span> <span class='ocrx_word' id='word_1_50' title='bbox 2185 956 2365 1027; x_wconf 80' lang='lat' dir='ltr'>opus</span> <span class='ocrx_word' id='word_1_51' title='bbox 2392 906 2569 1015; x_wconf 68' lang='lat' dir='ltr'>cura</span> <span class='ocrx_word' id='word_1_52' title='bbox 2596 932 2702 1029; x_wconf 83' lang='lat'>(1)</span> 
     </span>
     <span class='ocr_line' id='line_1_9' title="bbox 579 1052 2807 1151; baseline 0.001 -29"><span class='ocrx_word' id='word_1_53' title='bbox 579 1054 1075 1150; x_wconf 78' lang='lat' dir='ltr'>magistrorum</span> <span class='ocrx_word' id='word_1_54' title='bbox 1116 1052 1410 1120; x_wconf 82' lang='lat' dir='ltr'>Joanm&#39;s</span> <span class='ocrx_word' id='word_1_55' title='bbox 1450 1052 1695 1120; x_wconf 80' lang='lat' dir='ltr'>Boven‘</span> <span class='ocrx_word' id='word_1_56' title='bbox 1736 1066 1807 1120; x_wconf 83' lang='lat' dir='ltr'>et</span> <span class='ocrx_word' id='word_1_57' title='bbox 1859 1052 2234 1123; x_wconf 78' lang='lat' dir='ltr'>Guillermi-</span> <span class='ocrx_word' id='word_1_58' title='bbox 2252 1055 2564 1126; x_wconf 79' lang='lat' dir='ltr'>Bouchet</span> <span class='ocrx_word' id='word_1_59' title='bbox 2592 1080 2707 1125; x_wconf 84' lang='lat' dir='ltr'>ac-</span> <span class='ocrx_word' id='word_1_60' title='bbox 2801 1146 2807 1151; x_wconf 30' lang='grc'><strong>,</strong></span> 
     </span>
     <span class='ocr_line' id='line_1_10' title="bbox 577 1174 2705 1271; baseline 0.002 -26"><span class='ocrx_word' id='word_1_61' title='bbox 577 1178 1010 1246; x_wconf 57' lang='lat' dir='ltr'>curauit-sime</span> <span class='ocrx_word' id='word_1_62' title='bbox 1044 1176 1503 1271; x_wconf 57' lang='lat' dir='ltr'>castcgatum„</span> <span class='ocrx_word' id='word_1_63' title='bbox 1545 1200 1581 1241; x_wconf 88' lang='lat'>»</span> <span class='ocrx_word' id='word_1_64' title='bbox 1626 1174 1929 1245; x_wconf 85' lang='lat' dir='ltr'>Remittit</span> <span class='ocrx_word' id='word_1_65' title='bbox 1965 1189 2194 1247; x_wconf 86' lang='lat' dir='ltr'>autem</span> <span class='ocrx_word' id='word_1_66' title='bbox 2235 1178 2554 1249; x_wconf 82' lang='lat' dir='ltr'>lectorem</span> <span class='ocrx_word' id='word_1_67' title='bbox 2593 1200 2705 1251; x_wconf 85' lang='lat' dir='ltr'>ca-</span> 
     </span>
     <span class='ocr_line' id='line_1_11' title="bbox 581 1274 2706 1394; baseline 0 -23"><span class='ocrx_word' id='word_1_68' title='bbox 581 1301 843 1394; x_wconf 84' lang='lat' dir='ltr'>talogus</span> <span class='ocrx_word' id='word_1_69' title='bbox 889 1301 981 1371; x_wconf 92' lang='lat' dir='ltr'>ad</span> <span class='ocrx_word' id='word_1_70' title='bbox 1030 1299 1230 1371; x_wconf 88' lang='lat' dir='ltr'>aliam</span> <span class='ocrx_word' id='word_1_71' title='bbox 1268 1298 1665 1386; x_wconf 80' lang='lat' dir='ltr'>sectionem,</span> <span class='ocrx_word' id='word_1_72' title='bbox 1699 1274 2139 1368; x_wconf 70' lang='lat' dir='ltr'>Fabulamm</span> <span class='ocrx_word' id='word_1_73' title='bbox 2176 1300 2432 1373; x_wconf 86' lang='lat' dir='ltr'>scilicet</span> <span class='ocrx_word' id='word_1_74' title='bbox 2467 1326 2706 1372; x_wconf 84' lang='lat' dir='ltr'>roma-</span> 
     </span>
     <span class='ocr_line' id='line_1_12' title="bbox 578 1422 2704 1519; baseline 0.002 -22"><span class='ocrx_word' id='word_1_75' title='bbox 578 1430 925 1513; x_wconf 81' lang='lat' dir='ltr'>nensium,</span> <span class='ocrx_word' id='word_1_76' title='bbox 984 1428 1180 1518; x_wconf 88' lang='lat' dir='ltr'>cujus</span> <span class='ocrx_word' id='word_1_77' title='bbox 1248 1428 1473 1500; x_wconf 91' lang='lat' dir='ltr'>adhuc</span> <span class='ocrx_word' id='word_1_78' title='bbox 1522 1422 1839 1500; x_wconf 79' lang='lat' dir='ltr'>ineditus</span> <span class='ocrx_word' id='word_1_79' title='bbox 1901 1423 2292 1519; x_wconf 81' lang='lat' dir='ltr'>catalogus3</span> <span class='ocrx_word' id='word_1_80' title='bbox 2363 1452 2489 1501; x_wconf 92' lang='lat' dir='ltr'>nec</span> <span class='ocrx_word' id='word_1_81' title='bbox 2540 1432 2704 1501; x_wconf 91' lang='lat' dir='ltr'>mihi</span> 
     </span>
     <span class='ocr_line' id='line_1_13' title="bbox 578 1546 2710 1648; baseline 0.001 -26"><span class='ocrx_word' id='word_1_82' title='bbox 578 1550 846 1623; x_wconf 85' lang='lat' dir='ltr'>ostendi</span> <span class='ocrx_word' id='word_1_83' title='bbox 873 1550 1043 1622; x_wconf 90' lang='lat' dir='ltr'>liber</span> <span class='ocrx_word' id='word_1_84' title='bbox 1070 1552 1215 1644; x_wconf 89' lang='lat' dir='ltr'>ipse</span> <span class='ocrx_word' id='word_1_85' title='bbox 1245 1550 1493 1645; x_wconf 91' lang='lat' dir='ltr'>potuit,</span> <span class='ocrx_word' id='word_1_86' title='bbox 1528 1571 1730 1641; x_wconf 92' lang='lat' dir='ltr'>quem</span> <span class='ocrx_word' id='word_1_87' title='bbox 1777 1550 2106 1645; x_wconf 78' lang='lat' dir='ltr'>cyclicum</span> <span class='ocrx_word' id='word_1_88' title='bbox 2139 1546 2492 1645; x_wconf 85' lang='lat' dir='ltr'>quoddam</span> <span class='ocrx_word' id='word_1_89' title='bbox 2530 1575 2710 1648; x_wconf 91' lang='lat' dir='ltr'>opus</span> 
     </span>
     <span class='ocr_line' id='line_1_14' title="bbox 577 1669 2708 1765; baseline -0.001 -19"><span class='ocrx_word' id='word_1_90' title='bbox 577 1674 664 1746; x_wconf 84' lang='lat' dir='ltr'>de</span> <span class='ocrx_word' id='word_1_91' title='bbox 697 1673 936 1745; x_wconf 91' lang='lat' dir='ltr'>Carolo</span> <span class='ocrx_word' id='word_1_92' title='bbox 976 1674 1226 1765; x_wconf 84' lang='lat' dir='ltr'>Magno</span> <span class='ocrx_word' id='word_1_93' title='bbox 1258 1694 1407 1744; x_wconf 90' lang='lat' dir='ltr'>esse</span> <span class='ocrx_word' id='word_1_94' title='bbox 1451 1672 1854 1744; x_wconf 87' lang='lat' dir='ltr'>arbitrabar.</span> <span class='ocrx_word' id='word_1_95' title='bbox 1906 1673 2152 1765; x_wconf 89' lang='lat' dir='ltr'>Reperi</span> <span class='ocrx_word' id='word_1_96' title='bbox 2196 1683 2418 1743; x_wconf 88' lang='lat' dir='ltr'>tamen</span> <span class='ocrx_word' id='word_1_97' title='bbox 2466 1674 2538 1742; x_wconf 90' lang='lat' dir='ltr'>in</span> <span class='ocrx_word' id='word_1_98' title='bbox 2573 1669 2708 1744; x_wconf 71' lang='lat' dir='ltr'>la&#39;u-</span> 
     </span>
     <span class='ocr_line' id='line_1_15' title="bbox 577 1793 2708 1893; baseline -0.001 -23"><span class='ocrx_word' id='word_1_99' title='bbox 577 1798 739 1870; x_wconf 84' lang='lat' dir='ltr'>dato</span> <span class='ocrx_word' id='word_1_100' title='bbox 776 1818 985 1891; x_wconf 82' lang='lat' dir='ltr'>opere</span> <span class='ocrx_word' id='word_1_101' title='bbox 1016 1797 1129 1867; x_wconf 86' lang='lat' dir='ltr'>cui</span> <span class='ocrx_word' id='word_1_102' title='bbox 1156 1798 1433 1868; x_wconf 87' lang='lat' dir='ltr'>titulus:</span> <span class='ocrx_word' id='word_1_103' title='bbox 1479 1824 1513 1859; x_wconf 74' lang='lat' dir='ltr'>&lt;t</span> <span class='ocrx_word' id='word_1_104' title='bbox 1556 1793 1964 1893; x_wconf 76' lang='lat' dir='ltr'>Bibliopolae</span> <span class='ocrx_word' id='word_1_105' title='bbox 2000 1795 2516 1866; x_wconf 74' lang='lat' dir='ltr'>Enchiridion»</span> <span class='ocrx_word' id='word_1_106' title='bbox 2549 1820 2708 1892; x_wconf 78' lang='lat' dir='ltr'>quae</span> 
     </span>
     <span class='ocr_line' id='line_1_16' title="bbox 575 1920 2708 2015; baseline 0.001 -24"><span class='ocrx_word' id='word_1_107' title='bbox 575 1920 741 2011; x_wconf 90' lang='lat' dir='ltr'>mihi</span> <span class='ocrx_word' id='word_1_108' title='bbox 792 1922 947 2014; x_wconf 92' lang='lat' dir='ltr'>quis</span> <span class='ocrx_word' id='word_1_109' title='bbox 995 1930 1172 1992; x_wconf 86' lang='lat' dir='ltr'>esset</span> <span class='ocrx_word' id='word_1_110' title='bbox 1215 1921 1384 1991; x_wconf 91' lang='lat' dir='ltr'>liber</span> <span class='ocrx_word' id='word_1_111' title='bbox 1435 1920 1562 1991; x_wconf 91' lang='lat' dir='ltr'>iste</span> <span class='ocrx_word' id='word_1_112' title='bbox 1608 1921 1773 1991; x_wconf 90' lang='lat' dir='ltr'>satis</span> <span class='ocrx_word' id='word_1_113' title='bbox 1810 1921 2262 2008; x_wconf 81' lang='lat' dir='ltr'>declararent,</span> <span class='ocrx_word' id='word_1_114' title='bbox 2309 1944 2708 2015; x_wconf 86' lang='lat' dir='ltr'>quanquam</span> 
     </span>
     <span class='ocr_line' id='line_1_17' title="bbox 577 2042 2091 2141; baseline 0 -24"><span class='ocrx_word' id='word_1_115' title='bbox 577 2056 839 2117; x_wconf 84' lang='lat' dir='ltr'>auctor</span> <span class='ocrx_word' id='word_1_116' title='bbox 846 2046 991 2141; x_wconf 89' lang='lat' dir='ltr'>ipse</span> <span class='ocrx_word' id='word_1_117' title='bbox 1020 2042 1469 2114; x_wconf 75' lang='lat' dir='ltr'>Karolellam</span> <span class='ocrx_word' id='word_1_118' title='bbox 1495 2045 1636 2116; x_wconf 81' lang='lat' dir='ltr'>non</span> <span class='ocrx_word' id='word_1_119' title='bbox 1665 2046 2091 2136; x_wconf 81' lang='lat' dir='ltr'>agnovisset.</span> 
     </span>
    </p>

    <p class='ocr_par' dir='ltr' id='par_1_7' title="bbox 578 2122 2710 2630">
     <span class='ocr_line' id='line_1_18' title="bbox 674 2122 2708 2260; baseline 0.001 -25"><span class='ocrx_word' id='word_1_120' title='bbox 674 2166 814 2237; x_wconf 87' lang='lat' dir='ltr'>Sed</span> <span class='ocrx_word' id='word_1_121' title='bbox 872 2175 1111 2259; x_wconf 90' lang='lat' dir='ltr'>postea</span> <span class='ocrx_word' id='word_1_122' title='bbox 1150 2166 1231 2237; x_wconf 88' lang='lat' dir='ltr'>V.</span> <span class='ocrx_word' id='word_1_123' title='bbox 1284 2167 1381 2237; x_wconf 89' lang='lat' dir='ltr'>Cl</span> <span class='ocrx_word' id='word_1_124' title='bbox 1425 2166 1657 2237; x_wconf 78' lang='lat' dir='ltr'>Victor</span> <span class='ocrx_word' id='word_1_125' title='bbox 1692 2168 1785 2237; x_wconf 90' lang='lat' dir='ltr'>Le</span> <span class='ocrx_word' id='word_1_126' title='bbox 1829 2167 2021 2239; x_wconf 89' lang='lat' dir='ltr'>Clerc</span> <span class='ocrx_word' id='word_1_127' title='bbox 2081 2188 2193 2237; x_wconf 91' lang='lat' dir='ltr'>me</span> <span class='ocrx_word' id='word_1_128' title='bbox 2239 2165 2476 2260; x_wconf 87' lang='lat' dir='ltr'>docuit</span> <span class='ocrx_word' id='word_1_129' title='bbox 2522 2122 2708 2238; x_wconf 83' lang='lat' dir='ltr'>hunc</span> 
     </span>
     <span class='ocr_line' id='line_1_19' title="bbox 578 2288 2710 2383; baseline 0.001 -24"><span class='ocrx_word' id='word_1_130' title='bbox 578 2291 804 2383; x_wconf 87' lang='lat' dir='ltr'>ipsum</span> <span class='ocrx_word' id='word_1_131' title='bbox 856 2290 1108 2359; x_wconf 87' lang='lat' dir='ltr'>librum</span> <span class='ocrx_word' id='word_1_132' title='bbox 1141 2310 1325 2361; x_wconf 89' lang='lat' dir='ltr'>anno</span> <span class='ocrx_word' id='word_1_133' title='bbox 1358 2288 1748 2381; x_wconf 85' lang='lat' dir='ltr'>MDCCCLV</span> <span class='ocrx_word' id='word_1_134' title='bbox 1773 2310 1815 2359; x_wconf 92' lang='lat' dir='ltr'>a</span> <span class='ocrx_word' id='word_1_135' title='bbox 1857 2288 2142 2361; x_wconf 84' lang='lat' dir='ltr'>doctore</span> <span class='ocrx_word' id='word_1_136' title='bbox 2169 2290 2517 2360; x_wconf 84' lang='lat' dir='ltr'>Merzdorf</span> <span class='ocrx_word' id='word_1_137' title='bbox 2555 2312 2710 2361; x_wconf 85' lang='lat' dir='ltr'>«ex</span> 
     </span>
     <span class='ocr_line' id='line_1_20' title="bbox 579 2413 2701 2508; baseline -0 -22"><span class='ocrx_word' id='word_1_138' title='bbox 579 2416 786 2487; x_wconf 91' lang='lat' dir='ltr'>unico</span> <span class='ocrx_word' id='word_1_139' title='bbox 819 2414 1128 2485; x_wconf 86' lang='lat' dir='ltr'>Parisino</span> <span class='ocrx_word' id='word_1_140' title='bbox 1168 2413 1403 2485; x_wconf 89' lang='lat' dir='ltr'>codice</span> <span class='ocrx_word' id='word_1_141' title='bbox 1436 2442 1473 2484; x_wconf 71' lang='lat' dir='ltr'>n.</span> <span class='ocrx_word' id='word_1_142' title='bbox 1517 2430 1755 2484; x_wconf 89' lang='lat' dir='ltr'>rursus</span> <span class='ocrx_word' id='word_1_143' title='bbox 1807 2413 1986 2508; x_wconf 79' lang='lat' dir='ltr'>typis</span> <span class='ocrx_word' id='word_1_144' title='bbox 2032 2413 2428 2485; x_wconf 90' lang='lat' dir='ltr'>mandatum</span> <span class='ocrx_word' id='word_1_145' title='bbox 2471 2414 2701 2499; x_wconf 86' lang='lat' dir='ltr'>fuisse,</span> 
     </span>
     <span class='ocr_line' id='line_1_21' title="bbox 578 2536 2707 2630; baseline -0.001 -23"><span class='ocrx_word' id='word_1_146' title='bbox 578 2560 881 2630; x_wconf 41' lang='lat' dir='ltr'>mox-que</span> <span class='ocrx_word' id='word_1_147' title='bbox 908 2536 1085 2607; x_wconf 89' lang='lat' dir='ltr'>hanc</span> <span class='ocrx_word' id='word_1_148' title='bbox 1115 2536 1479 2607; x_wconf 88' lang='lat' dir='ltr'>editionem</span> <span class='ocrx_word' id='word_1_149' title='bbox 1515 2547 1581 2607; x_wconf 89' lang='lat' dir='ltr'>et</span> <span class='ocrx_word' id='word_1_150' title='bbox 1617 2537 1686 2606; x_wconf 89' lang='lat' dir='ltr'>in</span> <span class='ocrx_word' id='word_1_151' title='bbox 1712 2538 1989 2607; x_wconf 84' lang='lat' dir='ltr'>Graessii</span> <span class='ocrx_word' id='word_1_152' title='bbox 2025 2566 2057 2601; x_wconf 86' lang='lat'>«</span> <span class='ocrx_word' id='word_1_153' title='bbox 2088 2536 2440 2621; x_wconf 77' lang='lat' dir='ltr'>Thesauro</span> <span class='ocrx_word' id='word_1_154' title='bbox 2460 2566 2494 2601; x_wconf 70' lang='lat'>&gt;2</span> <span class='ocrx_word' id='word_1_155' title='bbox 2524 2538 2707 2608; x_wconf 91' lang='lat' dir='ltr'>indi-</span> 
     </span>
    </p>
   </div>
   <div class='ocr_carea' id='block_1_6' title="bbox 450 2654 2709 2752">
    <p class='ocr_par' dir='ltr' id='par_1_8' title="bbox 450 2654 2709 2752">
     <span class='ocr_line' id='line_1_22' title="bbox 450 2654 2709 2752; baseline -0.001 -22"><span class='ocrx_word' id='word_1_156' title='bbox 450 2654 458 2660; x_wconf 76' lang='grc'><strong>’</strong></span> <span class='ocrx_word' id='word_1_157' title='bbox 580 2670 797 2730; x_wconf 85' lang='lat' dir='ltr'>catam</span> <span class='ocrx_word' id='word_1_158' title='bbox 845 2657 989 2729; x_wconf 89' lang='lat' dir='ltr'>vidi</span> <span class='ocrx_word' id='word_1_159' title='bbox 1026 2668 1093 2729; x_wconf 88' lang='lat' dir='ltr'>et</span> <span class='ocrx_word' id='word_1_160' title='bbox 1150 2659 1295 2751; x_wconf 90' lang='lat' dir='ltr'>ipse</span> <span class='ocrx_word' id='word_1_161' title='bbox 1348 2658 1680 2751; x_wconf 87' lang='lat' dir='ltr'>inspicere</span> <span class='ocrx_word' id='word_1_162' title='bbox 1726 2660 1940 2752; x_wconf 89' lang='lat' dir='ltr'>potui.</span> <span class='ocrx_word' id='word_1_163' title='bbox 1995 2662 2268 2731; x_wconf 81' lang='lat' dir='ltr'>Constat</span> <span class='ocrx_word' id='word_1_164' title='bbox 2309 2656 2709 2747; x_wconf 66' lang='lat' dir='ltr'>Karolellas</span> 
     </span>
    </p>
   </div>
   <div class='ocr_carea' id='block_1_7' title="bbox 579 2782 2712 3498">
    <p class='ocr_par' dir='ltr' id='par_1_9' title="bbox 579 2782 2712 3498">
     <span class='ocr_line' id='line_1_23' title="bbox 588 2782 2709 2878; baseline 0.001 -26"><span class='ocrx_word' id='word_1_165' title='bbox 588 2791 846 2877; x_wconf 87' lang='lat' dir='ltr'>septem</span> <span class='ocrx_word' id='word_1_166' title='bbox 905 2782 1093 2854; x_wconf 88' lang='lat' dir='ltr'>libris</span> <span class='ocrx_word' id='word_1_167' title='bbox 1114 2835 1133 2872; x_wconf 87' lang='lat'>,</span> <span class='ocrx_word' id='word_1_168' title='bbox 1193 2782 1519 2854; x_wconf 74' lang='lat' dir='ltr'>versibus</span> <span class='ocrx_word' id='word_1_169' title='bbox 1559 2783 1976 2856; x_wconf 85' lang='lat' dir='ltr'>hexametris</span> <span class='ocrx_word' id='word_1_170' title='bbox 2048 2784 2474 2878; x_wconf 81' lang='lat' dir='ltr'>conscriptiS,</span> <span class='ocrx_word' id='word_1_171' title='bbox 2534 2805 2709 2877; x_wconf 90' lang='lat' dir='ltr'>quo-</span> 
     </span>
     <span class='ocr_line' id='line_1_24' title="bbox 589 2907 2712 3001; baseline 0 -26"><span class='ocrx_word' id='word_1_172' title='bbox 589 2929 741 2988; x_wconf 84' lang='lat' dir='ltr'>rum</span> <span class='ocrx_word' id='word_1_173' title='bbox 776 2907 843 2977; x_wconf 90' lang='lat' dir='ltr'>in</span> <span class='ocrx_word' id='word_1_174' title='bbox 880 2907 1097 3000; x_wconf 87' lang='lat' dir='ltr'>prima</span> <span class='ocrx_word' id='word_1_175' title='bbox 1155 2918 1345 3001; x_wconf 89' lang='lat' dir='ltr'>parte</span> <span class='ocrx_word' id='word_1_176' title='bbox 1397 2908 1691 3000; x_wconf 83' lang='lat' dir='ltr'>quisque</span> <span class='ocrx_word' id='word_1_177' title='bbox 1730 2930 1884 2979; x_wconf 91' lang='lat' dir='ltr'>cum</span> <span class='ocrx_word' id='word_1_178' title='bbox 1931 2910 2144 2980; x_wconf 90' lang='lat' dir='ltr'>altero</span> <span class='ocrx_word' id='word_1_179' title='bbox 2171 2909 2493 3001; x_wconf 79' lang='lat' dir='ltr'>proximo</span> <span class='ocrx_word' id='word_1_180' title='bbox 2545 2928 2712 2978; x_wconf 91' lang='lat' dir='ltr'>con-</span> 
     </span>
     <span class='ocr_line' id='line_1_25' title="bbox 589 3006 2711 3127; baseline 0.001 -27"><span class='ocrx_word' id='word_1_181' title='bbox 589 3043 812 3118; x_wconf 88' lang='lat' dir='ltr'>sonat,</span> <span class='ocrx_word' id='word_1_182' title='bbox 870 3032 991 3104; x_wconf 89' lang='lat' dir='ltr'>sed</span> <span class='ocrx_word' id='word_1_183' title='bbox 1044 3054 1213 3103; x_wconf 79' lang='lat' dir='ltr'>mox</span> <span class='ocrx_word' id='word_1_184' title='bbox 1258 3006 1707 3105; x_wconf 82' lang='lat' dir='ltr'>lahor-tantus</span> <span class='ocrx_word' id='word_1_185' title='bbox 1761 3033 1848 3103; x_wconf 93' lang='lat' dir='ltr'>ab</span> <span class='ocrx_word' id='word_1_186' title='bbox 1903 3033 2215 3126; x_wconf 91' lang='lat' dir='ltr'>imperito</span> <span class='ocrx_word' id='word_1_187' title='bbox 2256 3019 2711 3127; x_wconf 50' lang='lat' dir='ltr'>poeta‘negli-</span> 
     </span>
     <span class='ocr_line' id='line_1_26' title="bbox 592 3155 2709 3254; baseline 0.001 -30"><span class='ocrx_word' id='word_1_188' title='bbox 592 3155 794 3244; x_wconf 82' lang='lat' dir='ltr'>gitur.</span> <span class='ocrx_word' id='word_1_189' title='bbox 833 3157 1112 3250; x_wconf 87' lang='lat' dir='ltr'>Turpini</span> <span class='ocrx_word' id='word_1_190' title='bbox 1152 3156 1453 3254; x_wconf 83' lang='lat' dir='ltr'>codicem</span> <span class='ocrx_word' id='word_1_191' title='bbox 1482 3179 1630 3251; x_wconf 85' lang='lat' dir='ltr'>prae</span> <span class='ocrx_word' id='word_1_192' title='bbox 1687 3179 1763 3228; x_wconf 87' lang='lat' dir='ltr'>se</span> <span class='ocrx_word' id='word_1_193' title='bbox 1796 3156 2218 3228; x_wconf 83' lang='lat' dir='ltr'>versificator</span> <span class='ocrx_word' id='word_1_194' title='bbox 2251 3156 2550 3231; x_wconf 85' lang='lat' dir='ltr'>habebat</span> <span class='ocrx_word' id='word_1_195' title='bbox 2590 3159 2709 3249; x_wconf 88' lang='lat' dir='ltr'>qui</span> 
     </span>
     <span class='ocr_line' id='line_1_27' title="bbox 579 3275 2705 3373; baseline 0.001 -26"><span class='ocrx_word' id='word_1_196' title='bbox 579 3279 723 3366; x_wconf 84' lang='lat' dir='ltr'>jam</span> <span class='ocrx_word' id='word_1_197' title='bbox 778 3278 1383 3373; x_wconf 83' lang='lat' dir='ltr'>Sandionysiacam</span> <span class='ocrx_word' id='word_1_198' title='bbox 1444 3275 2034 3372; x_wconf 81' lang='lat' dir='ltr'>interpolationem</span> <span class='ocrx_word' id='word_1_199' title='bbox 2096 3279 2501 3369; x_wconf 88' lang='lat' dir='ltr'>admiserat;</span> <span class='ocrx_word' id='word_1_200' title='bbox 2571 3301 2705 3351; x_wconf 91' lang='lat' dir='ltr'>non</span> 
     </span>
     <span class='ocr_line' id='line_1_28' title="bbox 592 3393 2711 3498; baseline 0.002 -26"><span class='ocrx_word' id='word_1_201' title='bbox 592 3411 818 3494; x_wconf 89' lang='lat' dir='ltr'>potest</span> <span class='ocrx_word' id='word_1_202' title='bbox 844 3425 1007 3494; x_wconf 85' lang='lat' dir='ltr'>ergo</span> <span class='ocrx_word' id='word_1_203' title='bbox 1046 3393 1185 3490; x_wconf 89' lang='lat' dir='ltr'>ille,</span> <span class='ocrx_word' id='word_1_204' title='bbox 1222 3415 1299 3473; x_wconf 90' lang='lat' dir='ltr'>ut</span> <span class='ocrx_word' id='word_1_205' title='bbox 1332 3404 1681 3476; x_wconf 83' lang='lat' dir='ltr'>Merzdorf</span> <span class='ocrx_word' id='word_1_206' title='bbox 1709 3404 2121 3498; x_wconf 87' lang='lat' dir='ltr'>suspicatur,</span> <span class='ocrx_word' id='word_1_207' title='bbox 2154 3403 2335 3476; x_wconf 89' lang='lat' dir='ltr'>idem</span> <span class='ocrx_word' id='word_1_208' title='bbox 2367 3426 2448 3476; x_wconf 88' lang='lat' dir='ltr'>ac</span> <span class='ocrx_word' id='word_1_209' title='bbox 2474 3415 2711 3477; x_wconf 86' lang='lat' dir='ltr'>auctor</span> 
     </span>
    </p>
   </div>
   <div class='ocr_carea' id='block_1_8' title="bbox 494 3508 2709 3634">
    <p class='ocr_par' dir='ltr' id='par_1_10' title="bbox 494 3508 2709 3634">
     <span class='ocr_line' id='line_1_29' title="bbox 494 3508 2709 3634; baseline 0.003 -42"><span class='ocrx_word' id='word_1_210' title='bbox 494 3508 499 3514; x_wconf 61' lang='grc'><strong>’</strong></span> <span class='ocrx_word' id='word_1_211' title='bbox 589 3523 1172 3617; x_wconf 88' lang='lat' dir='ltr'>Pseudo-Turpini</span> <span class='ocrx_word' id='word_1_212' title='bbox 1231 3547 1399 3596; x_wconf 87' lang='lat' dir='ltr'>esse.</span> <span class='ocrx_word' id='word_1_213' title='bbox 1448 3525 1725 3596; x_wconf 90' lang='lat' dir='ltr'>Librum</span> <span class='ocrx_word' id='word_1_214' title='bbox 1776 3525 2329 3634; x_wconf 33' lang='lat' dir='ltr'>sequitur&#39;poeta</span> <span class='ocrx_word' id='word_1_215' title='bbox 2378 3527 2466 3597; x_wconf 90' lang='lat' dir='ltr'>ab</span> <span class='ocrx_word' id='word_1_216' title='bbox 2516 3527 2709 3598; x_wconf 91' lang='lat' dir='ltr'>initio</span> 
     </span>
    </p>
   </div>
   <div class='ocr_carea' id='block_1_9' title="bbox 590 3644 2710 3743">
    <p class='ocr_par' dir='ltr' id='par_1_11' title="bbox 590 3644 2710 3743">
     <span class='ocr_line' id='line_1_30' title="bbox 590 3644 2710 3743; baseline 0.003 -29"><span class='ocrx_word' id='word_1_217' title='bbox 590 3644 803 3738; x_wconf 84' lang='lat' dir='ltr'>usque</span> <span class='ocrx_word' id='word_1_218' title='bbox 840 3648 930 3718; x_wconf 89' lang='lat' dir='ltr'>ad</span> <span class='ocrx_word' id='word_1_219' title='bbox 974 3647 1207 3736; x_wconf 89' lang='lat' dir='ltr'>finem,</span> <span class='ocrx_word' id='word_1_220' title='bbox 1268 3648 1433 3719; x_wconf 91' lang='lat' dir='ltr'>satis</span> <span class='ocrx_word' id='word_1_221' title='bbox 1466 3647 1780 3719; x_wconf 87' lang='lat' dir='ltr'>fideliter.</span> <span class='ocrx_word' id='word_1_222' title='bbox 1837 3651 2133 3742; x_wconf 88' lang='lat' dir='ltr'>Reputat</span> <span class='ocrx_word' id='word_1_223' title='bbox 2187 3649 2549 3731; x_wconf 79' lang='lat' dir='ltr'>Merzdorf,</span> <span class='ocrx_word' id='word_1_224' title='bbox 2591 3652 2710 3743; x_wconf 93' lang='lat' dir='ltr'>qui</span> 
     </span>
    </p>
   </div>
   <div class='ocr_carea' id='block_1_10' title="bbox 482 3758 2708 3868">
    <p class='ocr_par' dir='ltr' id='par_1_12' title="bbox 482 3758 2708 3868">
     <span class='ocr_line' id='line_1_31' title="bbox 482 3758 2708 3868; baseline 0.003 -30"><span class='ocrx_word' id='word_1_225' title='bbox 482 3773 487 3777; x_wconf 79' lang='grc'><strong>’</strong></span> <span class='ocrx_word' id='word_1_226' title='bbox 590 3758 1053 3865; x_wconf 81' lang='lat' dir='ltr'>Ciampianam</span> <span class='ocrx_word' id='word_1_227' title='bbox 1080 3772 1445 3845; x_wconf 86' lang='lat' dir='ltr'>editionem</span> <span class='ocrx_word' id='word_1_228' title='bbox 1489 3788 1559 3846; x_wconf 87' lang='lat' dir='ltr'>et</span> <span class='ocrx_word' id='word_1_229' title='bbox 1597 3775 2064 3868; x_wconf 82' lang='lat' dir='ltr'>supplementa</span> <span class='ocrx_word' id='word_1_230' title='bbox 2091 3774 2540 3846; x_wconf 89' lang='lat' dir='ltr'>Lambeciana</span> <span class='ocrx_word' id='word_1_231' title='bbox 2566 3795 2708 3845; x_wconf 88' lang='lat' dir='ltr'>non</span> 
     </span>
    </p>
   </div>
   <div class='ocr_carea' id='block_1_11' title="bbox 593 3894 2708 4246">
    <p class='ocr_par' dir='ltr' id='par_1_13' title="bbox 593 3894 2708 4246">
     <span class='ocr_line' id='line_1_32' title="bbox 593 3894 2707 3991; baseline 0.002 -30"><span class='ocrx_word' id='word_1_232' title='bbox 593 3894 811 3979; x_wconf 85' lang='lat' dir='ltr'>novit,</span> <span class='ocrx_word' id='word_1_233' title='bbox 851 3917 1008 3966; x_wconf 89' lang='lat' dir='ltr'>eum</span> <span class='ocrx_word' id='word_1_234' title='bbox 1040 3899 1231 3967; x_wconf 89' lang='lat' dir='ltr'>varia</span> <span class='ocrx_word' id='word_1_235' title='bbox 1280 3897 1728 3991; x_wconf 84' lang='lat' dir='ltr'>interpolasse</span> <span class='ocrx_word' id='word_1_236' title='bbox 1768 3919 1929 3990; x_wconf 86' lang='lat' dir='ltr'>quae</span> <span class='ocrx_word' id='word_1_237' title='bbox 1970 3909 2194 3970; x_wconf 84' lang='lat' dir='ltr'>tamen</span> <span class='ocrx_word' id='word_1_238' title='bbox 2236 3897 2308 3968; x_wconf 87' lang='lat' dir='ltr'>in</span> <span class='ocrx_word' id='word_1_239' title='bbox 2353 3897 2527 3968; x_wconf 89' lang='lat' dir='ltr'>libro</span> <span class='ocrx_word' id='word_1_240' title='bbox 2563 3899 2707 3987; x_wconf 89' lang='lat' dir='ltr'>jam</span> 
     </span>
     <span class='ocr_line' id='line_1_33' title="bbox 595 4019 2708 4113; baseline 0.002 -27"><span class='ocrx_word' id='word_1_241' title='bbox 595 4029 973 4110; x_wconf 82' lang='lat' dir='ltr'>repererat3</span> <span class='ocrx_word' id='word_1_242' title='bbox 1035 4019 1211 4091; x_wconf 90' lang='lat' dir='ltr'>inter</span> <span class='ocrx_word' id='word_1_243' title='bbox 1258 4042 1417 4113; x_wconf 84' lang='lat' dir='ltr'>quae</span> <span class='ocrx_word' id='word_1_244' title='bbox 1471 4023 2047 4093; x_wconf 89' lang='lat' dir='ltr'>enumerationem</span> <span class='ocrx_word' id='word_1_245' title='bbox 2111 4021 2377 4092; x_wconf 88' lang='lat' dir='ltr'>urbium</span> <span class='ocrx_word' id='word_1_246' title='bbox 2441 4022 2708 4092; x_wconf 88' lang='lat' dir='ltr'>notabi-</span> 
     </span>
     <span class='ocr_line' id='line_1_34' title="bbox 596 4143 2706 4246; baseline 0.002 -37"><span class='ocrx_word' id='word_1_247' title='bbox 596 4161 773 4230; x_wconf 88' lang='lat' dir='ltr'>mus,</span> <span class='ocrx_word' id='word_1_248' title='bbox 816 4161 987 4232; x_wconf 86' lang='lat' dir='ltr'>quas</span> <span class='ocrx_word' id='word_1_249' title='bbox 1037 4143 1315 4215; x_wconf 88' lang='lat' dir='ltr'>Carolus</span> <span class='ocrx_word' id='word_1_250' title='bbox 1362 4144 1431 4214; x_wconf 87' lang='lat' dir='ltr'>in</span> <span class='ocrx_word' id='word_1_251' title='bbox 1474 4145 1793 4246; x_wconf 89' lang='lat' dir='ltr'>Hispania</span> <span class='ocrx_word' id='word_1_252' title='bbox 1832 4145 2033 4240; x_wconf 90' lang='lat' dir='ltr'>cepit.</span> <span class='ocrx_word' id='word_1_253' title='bbox 2082 4145 2346 4218; x_wconf 88' lang='lat' dir='ltr'>Nedum</span> <span class='ocrx_word' id='word_1_254' title='bbox 2405 4167 2554 4216; x_wconf 88' lang='lat' dir='ltr'>eam</span> <span class='ocrx_word' id='word_1_255' title='bbox 2599 4145 2706 4215; x_wconf 92' lang='lat' dir='ltr'>in-</span> 
     </span>
    </p>
   </div>
   <div class='ocr_carea' id='block_1_12' title="bbox 664 4401 1132 4468">
    <p class='ocr_par' dir='ltr' id='par_1_14' title="bbox 664 4401 1132 4468">
     <span class='ocr_line' id='line_1_35' title="bbox 664 4401 1132 4468; baseline 0.011 -12"><span class='ocrx_word' id='word_1_256' title='bbox 664 4403 738 4468; x_wconf 80' lang='lat'>(1)</span> <span class='ocrx_word' id='word_1_257' title='bbox 775 4404 937 4460; x_wconf 80' lang='lat' dir='ltr'>Cura</span> <span class='ocrx_word' id='word_1_258' title='bbox 965 4401 1132 4461; x_wconf 81' lang='lat' dir='ltr'>deest.</span> 
     </span>
    </p>
   </div>
  </div>
 </body>
</html>
