3700 5700
1880 751 1961 766 ..
1997 722 2077 782 42
2118 751 2199 765 .-

977 873 1012 912 α
1042 846 1317 920 Initium
1369 850 1458 922 ab
1503 871 1585 924 ea
1623 851 1909 947 epistola
1958 872 2384 927 assumemus
2436 871 2643 944 quam
2695 849 3145 958 Turpinn‘m„

977 967 1383 1044 Remensem
1445 974 2058 1072 archiepiscopum,
2108 975 2509 1050 Leobrando
2568 973 3104 1066 Aquisgranensi

975 1086 1242 1164 decano
1281 1097 1740 1170 transmisisse
1781 1099 1849 1169 in
1880 1100 2219 1173 chronicis
2245 1101 2655 1176 Francorum
2704 1097 2889 1191 apud
2926 1099 3103 1170 San·-

976 1222 1160 1286 ctum
1189 1218 1607 1316 Dionysium
1647 1223 1719 1297 in
1763 1225 2048 1298 Francia
2086 1225 2538 1320 repperimus.
2566 1216 2609 1288 'n
2648 1223 2789 1294 Sed
2826 1221 3103 1308 librum,

976 1349 1054 1410 ut
1099 1341 1409 1434 videtur,
1472 1349 1780 1421 nondum
1837 1352 1958 1424 diu
2016 1325 2468 1446 possederant
2514 1350 2742 1420 Sancti
2800 1347 3108 1442 Dionysii

977 1469 1293 1540 monachi
1320 1495 1339 1559 ;
1379 1493 1515 1544 non
1535 1473 1714 1546 enim
1740 1476 2011 1548 illatum
2030 1477 2439 1551 addiderant
2468 1497 2625 1568 quoe
2653 1472 2743 1548 ab
2778 1472 2977 1546 eisin
2996 1496 3108 1547 ce-

979 1593 1162 1664 teros
1217 1594 1488 1668 codices
1540 1596 1926 1686 introducta
1993 1598 2409 1672 nota-vimus.
2452 1598 2617 1670 Haeo
2650 1595 3109 1668 additamenta

975 1715 1152 1788 intra
1171 1737 1430 1790 annum
1464 1719 1769 1799 MCLXV
1789 1732 1860 1794 et
1885 1721 2336 1796 MCLxxxlu
2378 1719 2553 1792 facta
2593 1718 2800 1790 fuisse
2830 1737 3111 1790 necesse

975 1849 1123 1913 est:
1164 1841 1300 1916 hoc
1331 1846 1512 1922 enim
1543 1850 1921 1942 posteriore
1955 1871 2138 1922 anno
2180 1848 2572 1934 GaufriduS,
2602 1847 2791 1940 prior
2829 1844 3111 1916 Vosien·

974 1966 1095 2057 sis,
1150 1967 1335 2041 ciero
1379 1993 1513 2044 suo
1547 1975 1927 2068 Turpinum
1968 1997 2123 2046 cum
2177 1972 2469 2068 epistola
2506 1969 2815 2042 mittebat
2846 1967 2935 2040 de
2970 1988 3109 2062 qus

973 2113 1183 2186 supra
1220 2094 1424 2168 iocuti
1463 2121 1699 2172 sumus
1725 2101 1860 2196 (¹),
1895 2102 2337 2196 capituloque
2360 2098 2702 2170 tricesimo
2730 2096 2951 2190 primo
2965 2095 3110 2185 jam

977 2235 1059 2286 ea
1099 2215 1444 2291 inserebat
1492 2243 1652 2315 quae
1710 2225 1939 2296 Sancti
1992 2224 2296 2320 Dionysii
2352 2221 2675 2295 monachi
2728 2219 3113 2292 fabricave-

979 2355 1169 2434 rant3
1217 2347 1483 2420 etiamsi
1519 2360 1686 2444 ergo
1725 2373 1798 2428 se
1857 2353 2040 2425 dicat
2080 2353 2325 2424 librum
2374 2375 2469 2422 ex
2518 2348 2863 2446 Hesper-ia
2914 2367 3111 2419 acce-

976 2466 1182 2563 pisse,
1227 2471 1416 2552 illum
1449 2495 1490 2546 a
1509 2479 2165 2574 ,Sancto-chnysio
2192 2477 2545 2555 habuerat.
2599 2474 2839 2546 Codex
2878 2480 3109 2543 tamen

977 2593 1111 2681 ille,
1152 2616 1358 2686 quem
1395 2597 1778 2672 Aimericus
1812 2600 2157 2674 Picaudus
2190 2601 2367 2672 circa
2402 2602 2662 2671 annum
2696 2597 2868 2670 MCL
2901 2593 3111 2666 Com·-

975 2719 1332 2811 postellam
1369 2722 1640 2813 tulerat,
1697 2723 1794 2794 ibi
1832 2724 2158 2796 remansit
2194 2736 2262 2796 et
2305 2725 2697 2815 frequenter
2724 2741 2765 2793 a
2805 2716 3109 2814 peregri·-

976 2843 1299 2917 nantibus
1329 2845 1712 2943 descriptus
1759 2861 1891 2921 est.
1951 2849 2087 2939 Sic,
2129 2872 2313 2925 anno
2339 2847 2757 2938 Mchxlu,
2793 2843 3107 2941 Rivipul-

971 2970 1180 3043 lensis
1216 2973 1498 3065 quidam
1538 2978 1919 3049 monachus
1955 2999 2041 3051 ex
2090 2999 2174 3049 eo
2204 2978 2453 3049 Sancti
2482 2970 2733 3046 Iacchi
2758 2968 3109 3043 miracula

972 3096 1652 3198 tmnslaeionemque
1697 3116 1765 3174 et
1805 3102 2047 3173 Caroli
2094 3106 2343 3201 Magni
2382 3116 2583 3201 gesta
2638 3103 2717 3170 in
2756 3096 3109 3194 Hispania

971 3219 1104 3290 sibi
1162 3224 1552 3319 exscripsit,
1617 3231 2134 3322 conventuique
2192 3250 2322 3314 suo
2382 3251 2538 3301 cum
2572 3226 2857 3321 epistola
2898 3221 3105 3309 misit,

971 3368 1181 3440 quam
1209 3351 1442 3423 adbuc
1478 3353 1550 3425 in
1581 3355 1819 3427 codice
1855 3355 2295 3451 RivipuHensi
2330 3366 2711 3429 exstantem
2748 3363 2815 3425 et
2842 3351 2913 3425 in
2941 3351 3115 3427 duo-

971 3475 1104 3546 bus
1147 3477 1474 3549 Parisinis
1503 3480 1863 3553 codicibus
1904 3482 2298 3576 rescriptam
2338 3481 2699 3553 nobiscum
2731 3475 3113 3550 communi-

971 3601 1155 3673 cavit
1176 3602 1285 3673 vir
1311 3624 1708 3698 permagnis
1741 3616 1811 3677 et
1843 3590 2246 3708 scientiaeet
2274 3606 2694 3679 liberalitatis
2730 3605 2805 3674 L.
2835 3602 3107 3676 Delisle.

971 3726 1130 3799 Tale
1187 3731 1546 3825 exemplar
1609 3732 1916 3804 habuere
1980 3746 2047 3805 et
2123 3733 2438 3805 monachi
2500 3728 3107 3824 Sancti-Dionysii,

970 3852 1163 3945 quod
1201 3876 1434 3927 rursus
1476 3857 2017 3952 exscripserunt,
2071 3860 2482 3953 interpolato
2522 3858 2807 3951 prologo
2860 3867 2927 3926 et
2988 3875 3116 3926 ca·-

1039 4056 1115 4127 (1)
1154 4053 1424 4129 Quadam
1444 4056 1631 4130 verba,
1653 4056 1713 4113 in
1731 4055 1834 4113 hae
1856 4055 2109 4134 epistola,
2128 4056 2353 4133 Baylius
2374 4071 2538 4132 prave
2558 4054 2845 4131 exscripsit
2865 4056 2935 4113 ab
2955 4053 3116 4116 Oihe-

969 4148 1121 4213 nart,
1158 4142 1348 4217 sicque
1377 4159 1598 4217 semper
1631 4144 1776 4202 edita
1813 4153 1961 4202 sunt.
1988 4144 2141 4202 Dicit
2171 4145 2319 4201 enim
2346 4143 2649 4203 Gaufridus
2686 4160 2745 4201 se
2783 4144 2990 4201 librum
3017 4160 3118 4201 ex-

968 4231 1290 4303 scripsisse:
1315 4256 1342 4283 «
1363 4236 1490 4291 Non
1509 4250 1572 4290 su
1578 4233 1806 4306 perflue,
1821 4232 2020 4306 inquit,
2035 4232 2263 4301 addens,
2285 4232 2382 4290 sed
2402 4249 2520 4307 que,
2535 4234 2723 4290 minus
2742 4242 2902 4289 erant
2921 4247 3115 4290 neces·

968 4318 1114 4376 saria
1140 4319 1458 4380 detrahens.
1483 4346 1510 4373 ι
1536 4324 1861 4395 Legendum
1883 4330 2037 4395 puto,
2060 4322 2162 4379 sed
2196 4339 2303 4379 nee
2324 4338 2451 4395 que.
2485 4322 2647 4395 Legit
2683 4326 2874 4379 autem
2902 4320 3069 4395 Bayle
3096 4339 3111 4377 ε

975 4434 997 4456 ι
1023 4410 1151 4465 Non
1176 4410 1452 4483 superflua
1474 4411 1827 4479 subtrahens,
1845 4410 1945 4467 sed
1961 4426 2069 4484 que
2096 4410 2323 4469 aderant
2344 4410 2648 4469 necessaria
2667 4409 2897 4483 addens,
2915 4434 2941 4461 υ
2964 4410 3115 4484 quod

969 4497 1190 4555 nullum
1221 4514 1451 4559 sensum
1478 4498 1594 4571 dat,
1619 4500 1689 4558 ab
1718 4500 1980 4558 omnibus
2006 4506 2193 4558 tamen
2218 4498 2540 4572 adoptatum
2570 4498 2697 4559 fuit.
